
<marc:record><marc:leader>02508cas a2200421   4500</marc:leader>
<marc:controlfield tag="001">000078047</marc:controlfield>
<marc:controlfield tag="005">20241112153753.0</marc:controlfield><marc:controlfield tag="008">770323d19uu19uudcu x    l   f0   a0eng d</marc:controlfield><marc:datafield tag="019" ind1=" " ind2=" "><marc:subfield code="a">145392479</marc:subfield></marc:datafield><marc:datafield tag="035" ind1="9" ind2=" "><marc:subfield code="a">gp^80000536</marc:subfield></marc:datafield><marc:datafield tag="035" ind1=" " ind2=" "><marc:subfield code="a">(OCoLC)2826616</marc:subfield><marc:subfield code="z">(OCoLC)145392479</marc:subfield></marc:datafield><marc:datafield tag="037" ind1=" " ind2=" "><marc:subfield code="b">20402</marc:subfield></marc:datafield><marc:datafield tag="040" ind1=" " ind2=" "><marc:subfield code="a">GPA</marc:subfield><marc:subfield code="b">eng</marc:subfield><marc:subfield code="c">GPA</marc:subfield><marc:subfield code="d">OCL</marc:subfield><marc:subfield code="d">STF</marc:subfield><marc:subfield code="d">OCLCF</marc:subfield><marc:subfield code="d">OCLCO</marc:subfield><marc:subfield code="d">OCLCA</marc:subfield><marc:subfield code="d">MSL</marc:subfield><marc:subfield code="d">OKX</marc:subfield><marc:subfield code="d">OCLCQ</marc:subfield><marc:subfield code="d">GZL</marc:subfield><marc:subfield code="d">OCLCL</marc:subfield><marc:subfield code="d">GPO</marc:subfield></marc:datafield><marc:datafield tag="043" ind1=" " ind2=" "><marc:subfield code="a">n-us---</marc:subfield></marc:datafield><marc:datafield tag="074" ind1=" " ind2=" "><marc:subfield code="a">0287</marc:subfield></marc:datafield><marc:datafield tag="086" ind1="0" ind2=" "><marc:subfield code="a">CC 1.6/10:</marc:subfield></marc:datafield><marc:datafield tag="110" ind1="1" ind2=" "><marc:subfield code="a">United States.</marc:subfield><marc:subfield code="b">Federal Communications Commission.</marc:subfield></marc:datafield><marc:datafield tag="245" ind1="1" ind2="0"><marc:subfield code="a">Rules and regulations - Federal Communications Commission.</marc:subfield><marc:subfield code="n">Volume 10.</marc:subfield></marc:datafield><marc:datafield tag="246" ind1="1" ind2="3"><marc:subfield code="a">Federal Communications Commission rules and regulations, volume 10</marc:subfield></marc:datafield><marc:datafield tag="260" ind1=" " ind2=" "><marc:subfield code="a">[Washington] :</marc:subfield><marc:subfield code="b">U.S. Federal Communications Commission; for sale by the Supt. of Docs., U.S. Govt. Print. Off.</marc:subfield></marc:datafield><marc:datafield tag="300" ind1=" " ind2=" "><marc:subfield code="a">volumes ;</marc:subfield><marc:subfield code="c">26 cm</marc:subfield></marc:datafield><marc:datafield tag="336" ind1=" " ind2=" "><marc:subfield code="a">text</marc:subfield><marc:subfield code="b">txt</marc:subfield><marc:subfield code="2">rdacontent</marc:subfield></marc:datafield><marc:datafield tag="337" ind1=" " ind2=" "><marc:subfield code="a">unmediated</marc:subfield><marc:subfield code="b">n</marc:subfield><marc:subfield code="2">rdamedia</marc:subfield></marc:datafield><marc:datafield tag="338" ind1=" " ind2=" "><marc:subfield code="a">volume</marc:subfield><marc:subfield code="b">nc</marc:subfield><marc:subfield code="2">rdacarrier</marc:subfield></marc:datafield><marc:datafield tag="362" ind1="1" ind2=" "><marc:subfield code="a">Ceased publication.</marc:subfield></marc:datafield><marc:datafield tag="500" ind1=" " ind2=" "><marc:subfield code="a">Title from cover.</marc:subfield></marc:datafield><marc:datafield tag="500" ind1=" " ind2=" "><marc:subfield code="a">Loose-leaf for updating.</marc:subfield></marc:datafield><marc:datafield tag="500" ind1=" " ind2=" "><marc:subfield code="a">Includes new and revised pages to pt. 41, Telegraph and telephone franks; pt. 42, Preservation of records of communications common carriers and certain affiliates; pt. 43, Reports of communications common carriers and certain affiliates; pt. 51, Occupational classification and compensation of employees of class A and class B telephone companies; pt. 52, Classification of wire telegraph employees; pt. 61, Tariffs; pt. 62, Applications to hold interlocking directorates; pt. 63, Extension of lines and discontinuance of service by carriers; pt. 64, Miscellaneous rules relating to common carriers; pt. 66, Applications relating to consolidation, acquisition, or control of telephone companies; pt. 67, Jurisdictional separations.</marc:subfield></marc:datafield><marc:datafield tag="500" ind1=" " ind2=" "><marc:subfield code="a">Updated by continuing supplementary material for an indefinite period.</marc:subfield></marc:datafield><marc:datafield tag="650" ind1=" " ind2="0"><marc:subfield code="a">Telecommunication</marc:subfield><marc:subfield code="x">Law and legislation</marc:subfield><marc:subfield code="z">United States.</marc:subfield></marc:datafield><marc:datafield tag="650" ind1=" " ind2="7"><marc:subfield code="a">Telecommunication</marc:subfield><marc:subfield code="x">Law and legislation.</marc:subfield><marc:subfield code="2">fast</marc:subfield><marc:subfield code="0">(OCoLC)fst01145888</marc:subfield></marc:datafield><marc:datafield tag="651" ind1=" " ind2="7"><marc:subfield code="a">United States.</marc:subfield><marc:subfield code="2">fast</marc:subfield><marc:subfield code="0">(OCoLC)fst01204155</marc:subfield><marc:subfield code="1">https://id.oclc.org/worldcat/entity/E39PBJtxgQXMWqmjMjjwXRHgrq</marc:subfield></marc:datafield><marc:datafield tag="776" ind1="0" ind2="8"><marc:subfield code="i">Online version:</marc:subfield><marc:subfield code="a">United States. Federal Communications Commission.</marc:subfield><marc:subfield code="t">Rules and regulations - Federal Communications Commission. Volume 10</marc:subfield><marc:subfield code="w">(OCoLC)1010187775</marc:subfield></marc:datafield><marc:datafield tag="994" ind1=" " ind2=" "><marc:subfield code="a">C0</marc:subfield><marc:subfield code="b">GPO</marc:subfield></marc:datafield><marc:datafield tag="049" ind1=" " ind2=" "><marc:subfield code="a">GPOO</marc:subfield></marc:datafield><marc:datafield tag="955" ind1=" " ind2=" "><marc:subfield code="a">bc72 20241112</marc:subfield></marc:datafield><marc:datafield tag="922" ind1=" " ind2=" "><marc:subfield code="a">CONSERCHANGED</marc:subfield><marc:subfield code="b">20241112</marc:subfield></marc:datafield><marc:datafield tag="955" ind1=" " ind2=" "><marc:subfield code="a">Historic Shelflist Drawer 154 ; ZAI56 ; 20220503</marc:subfield></marc:datafield></marc:record>