
<marc:record><marc:leader>04340cas a2200733 a 4500</marc:leader>
<marc:controlfield tag="001">000324087</marc:controlfield>
<marc:controlfield tag="005">20241118122149.0</marc:controlfield><marc:controlfield tag="008">751121c19339999vauar     s  f0   a0eng  </marc:controlfield><marc:datafield tag="010" ind1=" " ind2=" "><marc:subfield code="a">33026551</marc:subfield></marc:datafield><marc:datafield tag="019" ind1=" " ind2=" "><marc:subfield code="a">1596250</marc:subfield><marc:subfield code="a">1768214</marc:subfield><marc:subfield code="a">2588638</marc:subfield><marc:subfield code="a">2601205</marc:subfield><marc:subfield code="a">23222123</marc:subfield><marc:subfield code="a">436083592</marc:subfield><marc:subfield code="a">630049273</marc:subfield><marc:subfield code="a">1042889057</marc:subfield><marc:subfield code="a">1078124178</marc:subfield><marc:subfield code="a">1139387479</marc:subfield><marc:subfield code="a">1160440689</marc:subfield><marc:subfield code="a">1201022524</marc:subfield></marc:datafield><marc:datafield tag="022" ind1=" " ind2=" "><marc:subfield code="a">0076-8952</marc:subfield><marc:subfield code="l">0076-8952</marc:subfield><marc:subfield code="2">1</marc:subfield></marc:datafield><marc:datafield tag="035" ind1="9" ind2=" "><marc:subfield code="a">ocm01847412</marc:subfield></marc:datafield><marc:datafield tag="035" ind1=" " ind2=" "><marc:subfield code="a">(OCoLC)1847412</marc:subfield><marc:subfield code="z">(OCoLC)1596250</marc:subfield><marc:subfield code="z">(OCoLC)1768214</marc:subfield><marc:subfield code="z">(OCoLC)2588638</marc:subfield><marc:subfield code="z">(OCoLC)2601205</marc:subfield><marc:subfield code="z">(OCoLC)23222123</marc:subfield><marc:subfield code="z">(OCoLC)436083592</marc:subfield><marc:subfield code="z">(OCoLC)630049273</marc:subfield><marc:subfield code="z">(OCoLC)1042889057</marc:subfield><marc:subfield code="z">(OCoLC)1078124178</marc:subfield><marc:subfield code="z">(OCoLC)1139387479</marc:subfield><marc:subfield code="z">(OCoLC)1160440689</marc:subfield><marc:subfield code="z">(OCoLC)1201022524</marc:subfield></marc:datafield><marc:datafield tag="037" ind1=" " ind2=" "><marc:subfield code="b">U.S. Government Printing Office, P.O. Box 979050, St. Louis, MO 63197-9000</marc:subfield></marc:datafield><marc:datafield tag="040" ind1=" " ind2=" "><marc:subfield code="a">DLC</marc:subfield><marc:subfield code="b">eng</marc:subfield><marc:subfield code="c">UDI</marc:subfield><marc:subfield code="d">NSD</marc:subfield><marc:subfield code="d">OCL</marc:subfield><marc:subfield code="d">NSD</marc:subfield><marc:subfield code="d">DLC</marc:subfield><marc:subfield code="d">GPO</marc:subfield><marc:subfield code="d">OCL</marc:subfield><marc:subfield code="d">GPO</marc:subfield><marc:subfield code="d">NST</marc:subfield><marc:subfield code="d">AIP</marc:subfield><marc:subfield code="d">GPO</marc:subfield><marc:subfield code="d">NST</marc:subfield><marc:subfield code="d">GPO</marc:subfield><marc:subfield code="d">HUL</marc:subfield><marc:subfield code="d">GPO</marc:subfield><marc:subfield code="d">NST</marc:subfield><marc:subfield code="d">GPO</marc:subfield><marc:subfield code="d">OCL</marc:subfield><marc:subfield code="d">GPO</marc:subfield><marc:subfield code="d">CLU</marc:subfield><marc:subfield code="d">GPO</marc:subfield><marc:subfield code="d">DLC</marc:subfield><marc:subfield code="d">GPO</marc:subfield></marc:datafield><marc:datafield tag="042" ind1=" " ind2=" "><marc:subfield code="a">nsdp</marc:subfield><marc:subfield code="a">pcc</marc:subfield></marc:datafield><marc:datafield tag="043" ind1=" " ind2=" "><marc:subfield code="a">n-us---</marc:subfield></marc:datafield><marc:datafield tag="050" ind1="0" ind2="0"><marc:subfield code="a">TN23</marc:subfield><marc:subfield code="b">.U612</marc:subfield></marc:datafield><marc:datafield tag="074" ind1=" " ind2=" "><marc:subfield code="a">0639</marc:subfield></marc:datafield><marc:datafield tag="074" ind1=" " ind2=" "><marc:subfield code="a">0639-J-01</marc:subfield></marc:datafield><marc:datafield tag="082" ind1="0" ind2="4"><marc:subfield code="a">338.2/0973</marc:subfield></marc:datafield><marc:datafield tag="086" ind1="0" ind2=" "><marc:subfield code="a">I 19.8:</marc:subfield></marc:datafield><marc:datafield tag="086" ind1="0" ind2=" "><marc:subfield code="a">C 22.8:</marc:subfield></marc:datafield><marc:datafield tag="086" ind1="0" ind2=" "><marc:subfield code="a">I 28.37:</marc:subfield><marc:subfield code="z">I 28.37/A 2:W 893/989</marc:subfield></marc:datafield><marc:datafield tag="086" ind1="0" ind2=" "><marc:subfield code="a">I 19.165:</marc:subfield></marc:datafield><marc:datafield tag="210" ind1="0" ind2=" "><marc:subfield code="a">Miner. yearb.</marc:subfield></marc:datafield><marc:datafield tag="222" ind1=" " ind2="0"><marc:subfield code="a">Minerals yearbook</marc:subfield></marc:datafield><marc:datafield tag="245" ind1="0" ind2="0"><marc:subfield code="a">Minerals yearbook /</marc:subfield><marc:subfield code="c">prepared by the staff of the Bureau of Mines.</marc:subfield></marc:datafield><marc:datafield tag="264" ind1=" " ind2="1"><marc:subfield code="a">Washington, D.C. :</marc:subfield><marc:subfield code="b">Bureau of Mines :</marc:subfield><marc:subfield code="b">United States Government Printing Office [distributor],</marc:subfield><marc:subfield code="c">1933-</marc:subfield></marc:datafield><marc:datafield tag="264" ind1="3" ind2="1"><marc:subfield code="3">&lt;1995- &gt;:</marc:subfield><marc:subfield code="a">[Reston, Va.] :</marc:subfield><marc:subfield code="b">U.S. Dept. of the Interior, U.S. Geological Survey</marc:subfield></marc:datafield><marc:datafield tag="300" ind1=" " ind2=" "><marc:subfield code="a">volumes :</marc:subfield><marc:subfield code="b">illustrations ;</marc:subfield><marc:subfield code="c">24-28 cm.</marc:subfield></marc:datafield><marc:datafield tag="310" ind1=" " ind2=" "><marc:subfield code="a">Annual</marc:subfield></marc:datafield><marc:datafield tag="336" ind1=" " ind2=" "><marc:subfield code="a">text</marc:subfield><marc:subfield code="b">txt</marc:subfield><marc:subfield code="2">rdacontent</marc:subfield></marc:datafield><marc:datafield tag="337" ind1=" " ind2=" "><marc:subfield code="a">unmediated</marc:subfield><marc:subfield code="b">n</marc:subfield><marc:subfield code="2">rdamedia</marc:subfield></marc:datafield><marc:datafield tag="338" ind1=" " ind2=" "><marc:subfield code="a">volume</marc:subfield><marc:subfield code="b">nc</marc:subfield><marc:subfield code="2">rdacarrier</marc:subfield></marc:datafield><marc:datafield tag="362" ind1="1" ind2=" "><marc:subfield code="a">Began with: 1932/33.</marc:subfield></marc:datafield><marc:datafield tag="500" ind1=" " ind2=" "><marc:subfield code="a">In scope of the U.S. Government Publishing Office Cataloging and Indexing Program (C&amp;I) and Federal Depository Library Program (FDLP).</marc:subfield></marc:datafield><marc:datafield tag="510" ind1="0" ind2=" "><marc:subfield code="a">Chemical abstracts</marc:subfield><marc:subfield code="x">0009-2258</marc:subfield></marc:datafield><marc:datafield tag="588" ind1="0" ind2=" "><marc:subfield code="a">1932/33.</marc:subfield></marc:datafield><marc:datafield tag="588" ind1="1" ind2=" "><marc:subfield code="a">2013.</marc:subfield></marc:datafield><marc:datafield tag="515" ind1=" " ind2=" "><marc:subfield code="a">Yearbooks 1937-1940 also called Review of 1936-1939; with the second vol. 1940 (published in 1941), date on the vol. reflects year reviewed.</marc:subfield></marc:datafield><marc:datafield tag="515" ind1=" " ind2=" "><marc:subfield code="a">Issued in 2 or more v., &lt;1977-&gt;; issued in 3 v., v. 1: Metals and minerals, v. 2: Area reports, domestic, v. 3: Area reports, international, &lt;1989-&gt;; v. 3 published in 4-6 unnumbered pts. with distinctive titles, 1989-1993, &lt;1996-&gt;</marc:subfield></marc:datafield><marc:datafield tag="515" ind1=" " ind2=" "><marc:subfield code="a">Not all volumes for a given year are published simultaneously in that same year.</marc:subfield></marc:datafield><marc:datafield tag="550" ind1=" " ind2=" "><marc:subfield code="a">Issued by: Bureau of Mines, &lt;1977-&gt;; by: U.S. Dept. of the Interior, U.S. Geological Survey, 1995-</marc:subfield></marc:datafield><marc:datafield tag="580" ind1=" " ind2=" "><marc:subfield code="a">Vols. 1932/33-1935 supplemented by: Statistical appendix to Minerals yearbook.</marc:subfield></marc:datafield><marc:datafield tag="580" ind1=" " ind2=" "><marc:subfield code="a">Chapters that will later be included in the bound v. are also issued separately in advance of publication as they are completed; until 1987 these separately issued chapters had the general title: Preprints from the ... Bureau of Mines Minerals yearbook; 1988-1989 had the general title: Minerals yearbook; in both cases the ch. heading title followed the general title. Beginning with 1990 chapters issued under ch. title only, with &quot;Annual report&quot; at head of title.</marc:subfield></marc:datafield><marc:datafield tag="650" ind1=" " ind2="0"><marc:subfield code="a">Mineral industries</marc:subfield><marc:subfield code="z">United States</marc:subfield><marc:subfield code="v">Periodicals.</marc:subfield></marc:datafield><marc:datafield tag="650" ind1=" " ind2="0"><marc:subfield code="a">Mines and mineral resources</marc:subfield><marc:subfield code="z">United States</marc:subfield><marc:subfield code="v">Periodicals.</marc:subfield></marc:datafield><marc:datafield tag="650" ind1=" " ind2="0"><marc:subfield code="a">Mineral industries</marc:subfield><marc:subfield code="v">Periodicals.</marc:subfield><marc:subfield code="0">https://id.loc.gov/authorities/subjects/sh85085563</marc:subfield></marc:datafield><marc:datafield tag="650" ind1=" " ind2="0"><marc:subfield code="a">Mines and mineral resources</marc:subfield><marc:subfield code="v">Periodicals.</marc:subfield></marc:datafield><marc:datafield tag="650" ind1=" " ind2="7"><marc:subfield code="a">Mineral industries.</marc:subfield><marc:subfield code="2">fast</marc:subfield><marc:subfield code="0">(OCoLC)fst01022218</marc:subfield></marc:datafield><marc:datafield tag="650" ind1=" " ind2="7"><marc:subfield code="a">Mines and mineral resources.</marc:subfield><marc:subfield code="2">fast</marc:subfield><marc:subfield code="0">(OCoLC)fst01022541</marc:subfield></marc:datafield><marc:datafield tag="651" ind1=" " ind2="7"><marc:subfield code="a">United States.</marc:subfield><marc:subfield code="2">fast</marc:subfield><marc:subfield code="0">(OCoLC)fst01204155</marc:subfield><marc:subfield code="1">https://id.oclc.org/worldcat/entity/E39PBJtxgQXMWqmjMjjwXRHgrq</marc:subfield></marc:datafield><marc:datafield tag="710" ind1="1" ind2=" "><marc:subfield code="a">United States.</marc:subfield><marc:subfield code="b">Bureau of Mines.</marc:subfield><marc:subfield code="0">https://id.loc.gov/authorities/names/n79063444</marc:subfield></marc:datafield><marc:datafield tag="710" ind1="2" ind2=" "><marc:subfield code="a">Geological Survey (U.S.)</marc:subfield><marc:subfield code="0">https://id.loc.gov/authorities/names/n80092173</marc:subfield></marc:datafield><marc:datafield tag="770" ind1="0" ind2=" "><marc:subfield code="t">Statistical appendix to Minerals yearbook</marc:subfield><marc:subfield code="g">1932/33-1935</marc:subfield><marc:subfield code="w">(OCoLC)3943805</marc:subfield></marc:datafield><marc:datafield tag="776" ind1="0" ind2="8"><marc:subfield code="i">Online version:</marc:subfield><marc:subfield code="t">Minerals yearbook (Online)</marc:subfield><marc:subfield code="x">1949-7733</marc:subfield><marc:subfield code="w">(DLC) 2009230096</marc:subfield><marc:subfield code="w">(OCoLC)48997937</marc:subfield></marc:datafield><marc:datafield tag="780" ind1="0" ind2="1"><marc:subfield code="t">Mineral resources of the United States</marc:subfield><marc:subfield code="x">2641-3469</marc:subfield><marc:subfield code="w">(DLC) 04018124</marc:subfield><marc:subfield code="w">(OCoLC)1847343</marc:subfield></marc:datafield><marc:datafield tag="994" ind1=" " ind2=" "><marc:subfield code="a">C0</marc:subfield><marc:subfield code="b">GPO</marc:subfield></marc:datafield><marc:datafield tag="012" ind1=" " ind2=" "><marc:subfield code="b">3</marc:subfield><marc:subfield code="e">n</marc:subfield></marc:datafield><marc:datafield tag="049" ind1=" " ind2=" "><marc:subfield code="a">GPOO</marc:subfield></marc:datafield><marc:datafield tag="922" ind1=" " ind2=" "><marc:subfield code="a">CONSERCHANGED</marc:subfield><marc:subfield code="b">20240322</marc:subfield></marc:datafield><marc:datafield tag="955" ind1=" " ind2=" "><marc:subfield code="a">bca35 20240322</marc:subfield></marc:datafield><marc:datafield tag="955" ind1=" " ind2=" "><marc:subfield code="a">bca59 20170714</marc:subfield></marc:datafield></marc:record>