
<marc:record><marc:leader>02301cai a2200481 a 4500</marc:leader>
<marc:controlfield tag="001">000613333</marc:controlfield>
<marc:controlfield tag="005">20241125180301.0</marc:controlfield><marc:controlfield tag="006">m        d f      </marc:controlfield><marc:controlfield tag="007">cr mnu||||||||</marc:controlfield><marc:controlfield tag="008">080505d19952011dcu x wso    f0    2eng c</marc:controlfield><marc:datafield tag="010" ind1=" " ind2=" "><marc:subfield code="a">2008230195</marc:subfield><marc:subfield code="z">00528675</marc:subfield></marc:datafield><marc:datafield tag="019" ind1=" " ind2=" "><marc:subfield code="a">31291270</marc:subfield><marc:subfield code="a">44586333</marc:subfield><marc:subfield code="a">57212765</marc:subfield><marc:subfield code="a">83158628</marc:subfield></marc:datafield><marc:datafield tag="035" ind1=" " ind2=" "><marc:subfield code="a">(OCoLC)227003510</marc:subfield><marc:subfield code="z">(OCoLC)31291270</marc:subfield><marc:subfield code="z">(OCoLC)44586333</marc:subfield><marc:subfield code="z">(OCoLC)57212765</marc:subfield><marc:subfield code="z">(OCoLC)83158628</marc:subfield></marc:datafield><marc:datafield tag="040" ind1=" " ind2=" "><marc:subfield code="a">GPO</marc:subfield><marc:subfield code="b">eng</marc:subfield><marc:subfield code="c">GPO</marc:subfield><marc:subfield code="d">DLC</marc:subfield><marc:subfield code="d">OCLCQ</marc:subfield><marc:subfield code="d">GPO</marc:subfield></marc:datafield><marc:datafield tag="042" ind1=" " ind2=" "><marc:subfield code="a">pcc</marc:subfield></marc:datafield><marc:datafield tag="043" ind1=" " ind2=" "><marc:subfield code="a">n-us---</marc:subfield></marc:datafield><marc:datafield tag="050" ind1="0" ind2="0"><marc:subfield code="a">JK468.A8</marc:subfield></marc:datafield><marc:datafield tag="074" ind1=" " ind2=" "><marc:subfield code="a">0551-A-02 (online)</marc:subfield></marc:datafield><marc:datafield tag="086" ind1="0" ind2=" "><marc:subfield code="a">GP 3.42:</marc:subfield></marc:datafield><marc:datafield tag="110" ind1="1" ind2=" "><marc:subfield code="a">United States.</marc:subfield><marc:subfield code="b">Government Printing Office.</marc:subfield><marc:subfield code="0">https://id.loc.gov/authorities/names/n79143109</marc:subfield></marc:datafield><marc:datafield tag="245" ind1="1" ind2="0"><marc:subfield code="a">GPO access</marc:subfield><marc:subfield code="h">[electronic resource] :</marc:subfield><marc:subfield code="b">a service of the U.S. Government Printing Office.</marc:subfield></marc:datafield><marc:datafield tag="246" ind1="1" ind2=" "><marc:subfield code="a">Government Printing Office access</marc:subfield></marc:datafield><marc:datafield tag="260" ind1=" " ind2=" "><marc:subfield code="a">Washington, DC :</marc:subfield><marc:subfield code="b">U.S. G.P.O.,</marc:subfield><marc:subfield code="c">1995-2011.</marc:subfield></marc:datafield><marc:datafield tag="310" ind1=" " ind2=" "><marc:subfield code="a">Updated irregularly</marc:subfield></marc:datafield><marc:datafield tag="336" ind1=" " ind2=" "><marc:subfield code="a">text</marc:subfield><marc:subfield code="b">txt</marc:subfield><marc:subfield code="2">rdacontent</marc:subfield></marc:datafield><marc:datafield tag="337" ind1=" " ind2=" "><marc:subfield code="a">computer</marc:subfield><marc:subfield code="b">c</marc:subfield><marc:subfield code="2">rdamedia</marc:subfield></marc:datafield><marc:datafield tag="338" ind1=" " ind2=" "><marc:subfield code="a">online resource</marc:subfield><marc:subfield code="b">cr</marc:subfield><marc:subfield code="2">rdacarrier</marc:subfield></marc:datafield><marc:datafield tag="362" ind1="1" ind2=" "><marc:subfield code="a">Began in 1995; ceased in 2011.</marc:subfield></marc:datafield><marc:datafield tag="500" ind1=" " ind2=" "><marc:subfield code="a">Includes links to documents of the legislative, executive, and judicial branches of government as well as regulatory and administrative decisions and miscellaneous federal government information.</marc:subfield></marc:datafield><marc:datafield tag="538" ind1=" " ind2=" "><marc:subfield code="a">Mode of access: Internet at the GPO Access web site. Address as of 5/5/08: http://www.gpoaccess.gov/index.html; no longer available after Nov. 5, 2011; content has been migrated to FDsys.</marc:subfield></marc:datafield><marc:datafield tag="588" ind1=" " ind2=" "><marc:subfield code="a">Title from home page (viewed Sept. 23, 2003).</marc:subfield></marc:datafield><marc:datafield tag="610" ind1="1" ind2="0"><marc:subfield code="a">United States.</marc:subfield><marc:subfield code="b">Government Printing Office</marc:subfield><marc:subfield code="x">Information services.</marc:subfield></marc:datafield><marc:datafield tag="650" ind1=" " ind2="0"><marc:subfield code="a">Federal government</marc:subfield><marc:subfield code="z">United States</marc:subfield><marc:subfield code="x">Information services.</marc:subfield></marc:datafield><marc:datafield tag="650" ind1=" " ind2="0"><marc:subfield code="a">Government publications</marc:subfield><marc:subfield code="z">United States</marc:subfield><marc:subfield code="x">Information services.</marc:subfield></marc:datafield><marc:datafield tag="650" ind1=" " ind2="0"><marc:subfield code="a">Electronic government information</marc:subfield><marc:subfield code="z">United States</marc:subfield><marc:subfield code="x">Information services.</marc:subfield></marc:datafield><marc:datafield tag="785" ind1="0" ind2="4"><marc:subfield code="a">United States. Government Publishing Office.</marc:subfield><marc:subfield code="t">FDsys</marc:subfield><marc:subfield code="w">(DLC) 2011230300</marc:subfield><marc:subfield code="w">(OCoLC)301811190</marc:subfield></marc:datafield><marc:datafield tag="856" ind1="4" ind2="0"><marc:subfield code="z">No longer available as of 3/14/2012</marc:subfield><marc:subfield code="u">https://purl.fdlp.gov/GPO/LPS93762</marc:subfield></marc:datafield><marc:datafield tag="856" ind1="4" ind2=" "><marc:subfield code="3">No longer available as of 3/14/2012:</marc:subfield><marc:subfield code="u">http://www.gpoaccess.gov</marc:subfield></marc:datafield><marc:datafield tag="994" ind1=" " ind2=" "><marc:subfield code="a">C0</marc:subfield><marc:subfield code="b">GPO</marc:subfield></marc:datafield><marc:datafield tag="049" ind1=" " ind2=" "><marc:subfield code="a">GPOO</marc:subfield></marc:datafield><marc:datafield tag="955" ind1=" " ind2=" "><marc:subfield code="a">bc81 20241125</marc:subfield></marc:datafield><marc:datafield tag="955" ind1=" " ind2=" "><marc:subfield code="a">bcb43 20120322</marc:subfield></marc:datafield><marc:datafield tag="955" ind1=" " ind2=" "><marc:subfield code="a">bca35 20080505</marc:subfield><marc:subfield code="b">20080505</marc:subfield></marc:datafield></marc:record>