
<marc:record><marc:leader>04071cas a2200661 a 4500</marc:leader>
<marc:controlfield tag="001">000944386</marc:controlfield>
<marc:controlfield tag="005">20241119091314.0</marc:controlfield><marc:controlfield tag="008">981118c19uu9999dcu x        f0   a0eng c</marc:controlfield><marc:datafield tag="010" ind1=" " ind2=" "><marc:subfield code="a">2009238958</marc:subfield></marc:datafield><marc:datafield tag="019" ind1=" " ind2=" "><marc:subfield code="a">49224139</marc:subfield><marc:subfield code="a">230766161</marc:subfield></marc:datafield><marc:datafield tag="022" ind1="0" ind2=" "><marc:subfield code="a">2693-0285</marc:subfield><marc:subfield code="2">1</marc:subfield></marc:datafield><marc:datafield tag="035" ind1=" " ind2=" "><marc:subfield code="a">(OCoLC)40344873</marc:subfield><marc:subfield code="z">(OCoLC)49224139</marc:subfield><marc:subfield code="z">(OCoLC)230766161</marc:subfield></marc:datafield><marc:datafield tag="040" ind1=" " ind2=" "><marc:subfield code="a">KNJ</marc:subfield><marc:subfield code="b">eng</marc:subfield><marc:subfield code="c">KNJ</marc:subfield><marc:subfield code="d">OCLCQ</marc:subfield><marc:subfield code="d">GPO</marc:subfield><marc:subfield code="d">IUL</marc:subfield><marc:subfield code="d">OCLCQ</marc:subfield><marc:subfield code="d">OCLCF</marc:subfield><marc:subfield code="d">OCLCO</marc:subfield><marc:subfield code="d">GPO</marc:subfield><marc:subfield code="d">OCL</marc:subfield><marc:subfield code="d">DLC</marc:subfield><marc:subfield code="d">OCLCQ</marc:subfield><marc:subfield code="d">OCLCL</marc:subfield><marc:subfield code="d">GPO</marc:subfield></marc:datafield><marc:datafield tag="042" ind1=" " ind2=" "><marc:subfield code="a">pcc</marc:subfield><marc:subfield code="a">nsdp</marc:subfield></marc:datafield><marc:datafield tag="043" ind1=" " ind2=" "><marc:subfield code="a">n-us---</marc:subfield></marc:datafield><marc:datafield tag="050" ind1="1" ind2="0"><marc:subfield code="a">ISSN RECORD</marc:subfield></marc:datafield><marc:datafield tag="074" ind1=" " ind2=" "><marc:subfield code="a">1008-C</marc:subfield></marc:datafield><marc:datafield tag="074" ind1=" " ind2=" "><marc:subfield code="a">1008-D (MF)</marc:subfield></marc:datafield><marc:datafield tag="082" ind1="1" ind2="0"><marc:subfield code="a">352</marc:subfield><marc:subfield code="2">23</marc:subfield></marc:datafield><marc:datafield tag="086" ind1="0" ind2=" "><marc:subfield code="a">Y 1.1/5:</marc:subfield></marc:datafield><marc:datafield tag="110" ind1="1" ind2=" "><marc:subfield code="a">United States.</marc:subfield><marc:subfield code="b">Congress.</marc:subfield><marc:subfield code="b">Senate.</marc:subfield><marc:subfield code="b">Committee on Appropriations.</marc:subfield></marc:datafield><marc:datafield tag="222" ind1=" " ind2="0"><marc:subfield code="a">Further revised allocation to subcommittees of budget totals for fiscal year ...</marc:subfield><marc:subfield code="b">(Print)</marc:subfield></marc:datafield><marc:datafield tag="245" ind1="1" ind2="0"><marc:subfield code="a">Further revised allocation to subcommittees of budget totals for fiscal year ... :</marc:subfield><marc:subfield code="b">submitted pursuant to section 302(e) of the Congressional Budget Act of 1974, as amended /</marc:subfield><marc:subfield code="c">by the Committee on Appropriations, U.S. Senate.</marc:subfield></marc:datafield><marc:datafield tag="246" ind1="1" ind2=" "><marc:subfield code="i">Some issues have title:</marc:subfield><marc:subfield code="a">Further revised allocation to subcommittees of budget totals, fiscal year ...</marc:subfield></marc:datafield><marc:datafield tag="260" ind1=" " ind2=" "><marc:subfield code="3">&lt;-2015&gt;:</marc:subfield><marc:subfield code="a">Washington :</marc:subfield><marc:subfield code="b">U.S. G.P.O.</marc:subfield></marc:datafield><marc:datafield tag="260" ind1="3" ind2=" "><marc:subfield code="3">&lt;2015-&gt;:</marc:subfield><marc:subfield code="a">[Washington] :</marc:subfield><marc:subfield code="b">[U.S. Government Publishing Office]</marc:subfield></marc:datafield><marc:datafield tag="300" ind1=" " ind2=" "><marc:subfield code="a">volumes ;</marc:subfield><marc:subfield code="c">23 cm.</marc:subfield></marc:datafield><marc:datafield tag="310" ind1=" " ind2=" "><marc:subfield code="a">Irregular</marc:subfield></marc:datafield><marc:datafield tag="336" ind1=" " ind2=" "><marc:subfield code="a">text</marc:subfield><marc:subfield code="b">txt</marc:subfield><marc:subfield code="2">rdacontent</marc:subfield></marc:datafield><marc:datafield tag="337" ind1=" " ind2=" "><marc:subfield code="a">unmediated</marc:subfield><marc:subfield code="b">n</marc:subfield><marc:subfield code="2">rdamedia</marc:subfield></marc:datafield><marc:datafield tag="338" ind1=" " ind2=" "><marc:subfield code="a">volume</marc:subfield><marc:subfield code="b">nc</marc:subfield><marc:subfield code="2">rdacarrier</marc:subfield></marc:datafield><marc:datafield tag="490" ind1="1" ind2=" "><marc:subfield code="a">Report / Senate</marc:subfield></marc:datafield><marc:datafield tag="500" ind1=" " ind2=" "><marc:subfield code="a">Some issues lack title page and subtitle.</marc:subfield></marc:datafield><marc:datafield tag="500" ind1=" " ind2=" "><marc:subfield code="a">May be updated by further revisions.</marc:subfield></marc:datafield><marc:datafield tag="500" ind1=" " ind2=" "><marc:subfield code="a">Distributed to some depository libraries in microfiche.</marc:subfield></marc:datafield><marc:datafield tag="515" ind1=" " ind2=" "><marc:subfield code="a">May not be issued for every fiscal year.</marc:subfield></marc:datafield><marc:datafield tag="515" ind1=" " ind2=" "><marc:subfield code="a">Multiple volumes issued for some fiscal years.</marc:subfield></marc:datafield><marc:datafield tag="530" ind1=" " ind2=" "><marc:subfield code="a">Some issues also available via Internet from the GPO Access serial set web site. Address as of 12/19 /07: http://www.gpoaccess.gov/serialset/creports/search.html ; current access is available via PURL.</marc:subfield></marc:datafield><marc:datafield tag="588" ind1=" " ind2=" "><marc:subfield code="a">Description based on: 1999, ordered to be printed June 11, 1998.</marc:subfield></marc:datafield><marc:datafield tag="588" ind1=" " ind2=" "><marc:subfield code="a">Latest issue consulted: 2020, ordered to be printed October 22, 2019.</marc:subfield></marc:datafield><marc:datafield tag="610" ind1="1" ind2="0"><marc:subfield code="a">United States.</marc:subfield><marc:subfield code="b">Congress.</marc:subfield><marc:subfield code="b">Senate</marc:subfield><marc:subfield code="x">Committees</marc:subfield><marc:subfield code="x">Appropriations and expenditures</marc:subfield><marc:subfield code="v">Periodicals.</marc:subfield></marc:datafield><marc:datafield tag="650" ind1=" " ind2="0"><marc:subfield code="a">Budget</marc:subfield><marc:subfield code="z">United States</marc:subfield><marc:subfield code="v">Periodicals.</marc:subfield></marc:datafield><marc:datafield tag="651" ind1=" " ind2="0"><marc:subfield code="a">United States</marc:subfield><marc:subfield code="x">Appropriations and expenditures</marc:subfield><marc:subfield code="v">Periodicals.</marc:subfield></marc:datafield><marc:datafield tag="655" ind1=" " ind2="7"><marc:subfield code="a">Legislative materials.</marc:subfield><marc:subfield code="2">lcgft</marc:subfield></marc:datafield><marc:datafield tag="776" ind1="0" ind2="8"><marc:subfield code="i">Microfiche version:</marc:subfield><marc:subfield code="t">Further revised allocation to subcommittees of budget totals for fiscal year ...</marc:subfield><marc:subfield code="w">(OCoLC)1098329614</marc:subfield></marc:datafield><marc:datafield tag="776" ind1="0" ind2="8"><marc:subfield code="i">Online version:</marc:subfield><marc:subfield code="a">United States. Congress. Senate. Committee on Appropriations.</marc:subfield><marc:subfield code="t">Further revised allocation to subcommittees of budget totals for fiscal year ...</marc:subfield><marc:subfield code="x">2693-0307</marc:subfield><marc:subfield code="w">(DLC) 2019230876</marc:subfield><marc:subfield code="w">(OCoLC)1030585253</marc:subfield></marc:datafield><marc:datafield tag="787" ind1="0" ind2="8"><marc:subfield code="i">Revision of:</marc:subfield><marc:subfield code="a">United States. Congress. Senate. Committee on Appropriations.</marc:subfield><marc:subfield code="t">Revised allocation to subcommittees of budget totals for fiscal year ...</marc:subfield><marc:subfield code="x">2693-034X</marc:subfield><marc:subfield code="w">(DLC) 2019230873</marc:subfield><marc:subfield code="w">(OCoLC)1129013621</marc:subfield></marc:datafield><marc:datafield tag="787" ind1="0" ind2=" "><marc:subfield code="a">United States. Congress. Senate. Committee on Appropriations.</marc:subfield><marc:subfield code="t">Allocation to subcommittees of budget totals for fiscal year ...</marc:subfield><marc:subfield code="x">2693-0323</marc:subfield><marc:subfield code="w">(DLC) 2019230872</marc:subfield><marc:subfield code="w">(OCoLC)1129014149</marc:subfield></marc:datafield><marc:datafield tag="787" ind1="0" ind2=" "><marc:subfield code="a">United States. Congress. Senate. Committee on Appropriations.</marc:subfield><marc:subfield code="t">Allocation to subcommittees of budget totals from the concurrent resolution for fiscal year ...</marc:subfield><marc:subfield code="w">(DLC)sn 91023520</marc:subfield><marc:subfield code="w">(OCoLC)24147452</marc:subfield></marc:datafield><marc:datafield tag="787" ind1="0" ind2=" "><marc:subfield code="a">United States. Congress. Senate. Committee on Appropriations.</marc:subfield><marc:subfield code="t">Revised allocation to subcommittees of budget totals from the concurrent resolution for fiscal year ...</marc:subfield><marc:subfield code="w">(DLC)sn 91023453</marc:subfield><marc:subfield code="w">(OCoLC)24293029</marc:subfield></marc:datafield><marc:datafield tag="787" ind1="0" ind2=" "><marc:subfield code="a">United States. Congress. Senate. Committee on Appropriations.</marc:subfield><marc:subfield code="t">Further revised allocation to subcommittees of budget totals from the concurrent resolution for fiscal year ...</marc:subfield><marc:subfield code="w">(DLC) 2007230192</marc:subfield><marc:subfield code="w">(OCoLC)183665171</marc:subfield></marc:datafield><marc:datafield tag="810" ind1="1" ind2=" "><marc:subfield code="a">United States.</marc:subfield><marc:subfield code="b">Congress.</marc:subfield><marc:subfield code="b">Senate.</marc:subfield><marc:subfield code="t">Report.</marc:subfield></marc:datafield><marc:datafield tag="994" ind1=" " ind2=" "><marc:subfield code="a">C0</marc:subfield><marc:subfield code="b">GPO</marc:subfield></marc:datafield><marc:datafield tag="049" ind1=" " ind2=" "><marc:subfield code="a">GPOO</marc:subfield></marc:datafield><marc:datafield tag="955" ind1=" " ind2=" "><marc:subfield code="a">bca68 20230911</marc:subfield></marc:datafield><marc:datafield tag="955" ind1=" " ind2=" "><marc:subfield code="a">bc81 20191127</marc:subfield></marc:datafield><marc:datafield tag="922" ind1=" " ind2=" "><marc:subfield code="a">CONSERCHANGED</marc:subfield></marc:datafield><marc:datafield tag="955" ind1=" " ind2=" "><marc:subfield code="b">20230612</marc:subfield></marc:datafield></marc:record>