
<marc:record><marc:leader>01666cam a22003733i 4500</marc:leader>
<marc:controlfield tag="001">001204229</marc:controlfield>
<marc:controlfield tag="003">OCoLC</marc:controlfield><marc:controlfield tag="005">20241126124338.0</marc:controlfield><marc:controlfield tag="008">221028s2008    dcu          f000 0 eng d</marc:controlfield><marc:datafield tag="035" ind1=" " ind2=" "><marc:subfield code="a">(OCoLC)1349120673</marc:subfield></marc:datafield><marc:datafield tag="040" ind1=" " ind2=" "><marc:subfield code="a">GPO</marc:subfield><marc:subfield code="b">eng</marc:subfield><marc:subfield code="e">rda</marc:subfield><marc:subfield code="c">GPO</marc:subfield><marc:subfield code="d">OCLCF</marc:subfield><marc:subfield code="d">OCLCO</marc:subfield><marc:subfield code="d">OCLCL</marc:subfield><marc:subfield code="d">GPO</marc:subfield></marc:datafield><marc:datafield tag="043" ind1=" " ind2=" "><marc:subfield code="a">n-us---</marc:subfield></marc:datafield><marc:datafield tag="086" ind1="0" ind2=" "><marc:subfield code="a">ED 1.2:H 34/EL 2/2008</marc:subfield></marc:datafield><marc:datafield tag="245" ind1="0" ind2="0"><marc:subfield code="a">Healthy start, grow smart.</marc:subfield><marc:subfield code="p">Your 11-month-old baby.</marc:subfield></marc:datafield><marc:datafield tag="246" ind1="3" ind2=" "><marc:subfield code="a">Health start, grow smart.</marc:subfield><marc:subfield code="p">Your eleven-month-old baby</marc:subfield></marc:datafield><marc:datafield tag="246" ind1="3" ind2="0"><marc:subfield code="a">Your 11-month-old baby</marc:subfield></marc:datafield><marc:datafield tag="264" ind1=" " ind2="1"><marc:subfield code="a">Washington, D.C. :</marc:subfield><marc:subfield code="b">U.S. Department of Health and Human Services :</marc:subfield><marc:subfield code="b">U.S. Department of Education :</marc:subfield><marc:subfield code="b">U.S. Department of Agriculture,</marc:subfield><marc:subfield code="c">2008.</marc:subfield></marc:datafield><marc:datafield tag="300" ind1=" " ind2=" "><marc:subfield code="a">24 pages :</marc:subfield><marc:subfield code="b">color illustrations ;</marc:subfield><marc:subfield code="c">22 cm</marc:subfield></marc:datafield><marc:datafield tag="336" ind1=" " ind2=" "><marc:subfield code="a">text</marc:subfield><marc:subfield code="b">txt</marc:subfield><marc:subfield code="2">rdacontent</marc:subfield></marc:datafield><marc:datafield tag="337" ind1=" " ind2=" "><marc:subfield code="a">unmediated</marc:subfield><marc:subfield code="2">rdamedia</marc:subfield></marc:datafield><marc:datafield tag="338" ind1=" " ind2=" "><marc:subfield code="a">volume</marc:subfield><marc:subfield code="b">nc</marc:subfield><marc:subfield code="2">rdacarrier</marc:subfield></marc:datafield><marc:datafield tag="500" ind1=" " ind2=" "><marc:subfield code="a">Print format not distributed to depository libraries.</marc:subfield></marc:datafield><marc:datafield tag="650" ind1=" " ind2="0"><marc:subfield code="a">Infants</marc:subfield><marc:subfield code="x">Health and hygiene</marc:subfield><marc:subfield code="z">United States.</marc:subfield></marc:datafield><marc:datafield tag="650" ind1=" " ind2="7"><marc:subfield code="a">Infants</marc:subfield><marc:subfield code="x">Health and hygiene</marc:subfield><marc:subfield code="2">fast</marc:subfield><marc:subfield code="0">(OCoLC)fst00972145</marc:subfield></marc:datafield><marc:datafield tag="651" ind1=" " ind2="7"><marc:subfield code="a">United States</marc:subfield><marc:subfield code="2">fast</marc:subfield><marc:subfield code="1">https://id.oclc.org/worldcat/entity/E39PBJtxgQXMWqmjMjjwXRHgrq</marc:subfield><marc:subfield code="0">(OCoLC)fst01204155</marc:subfield></marc:datafield><marc:datafield tag="710" ind1="1" ind2=" "><marc:subfield code="a">United States.</marc:subfield><marc:subfield code="b">Department of Health and Human Services,</marc:subfield><marc:subfield code="e">issuing body.</marc:subfield></marc:datafield><marc:datafield tag="710" ind1="1" ind2=" "><marc:subfield code="a">United States.</marc:subfield><marc:subfield code="b">Department of Education,</marc:subfield><marc:subfield code="e">issuing body.</marc:subfield></marc:datafield><marc:datafield tag="710" ind1="1" ind2=" "><marc:subfield code="a">United States.</marc:subfield><marc:subfield code="b">Department of Agriculture,</marc:subfield><marc:subfield code="e">issuing body.</marc:subfield></marc:datafield><marc:datafield tag="775" ind1="0" ind2="8"><marc:subfield code="i">Spanish edition:</marc:subfield><marc:subfield code="t">Healthy start, grow smart. Your 11-month-old baby. Buen comienzo, buen futuro. Su beb de 11 meses</marc:subfield><marc:subfield code="w">(OCoLC)1473753788</marc:subfield></marc:datafield><marc:datafield tag="994" ind1=" " ind2=" "><marc:subfield code="a">C0</marc:subfield><marc:subfield code="b">GPO</marc:subfield></marc:datafield><marc:datafield tag="049" ind1=" " ind2=" "><marc:subfield code="a">GPOO</marc:subfield></marc:datafield><marc:datafield tag="955" ind1=" " ind2=" "><marc:subfield code="a">bc57 20221028</marc:subfield><marc:subfield code="b">20221028</marc:subfield></marc:datafield><marc:datafield tag="922" ind1=" " ind2=" "><marc:subfield code="a">UNREPORTEDPUBSSTAFF</marc:subfield></marc:datafield><marc:datafield tag="955" ind1=" " ind2=" "><marc:subfield code="a">bc72 20241126</marc:subfield></marc:datafield></marc:record>