
<marc:record><marc:leader>02088cam a22004938i 4500</marc:leader>
<marc:controlfield tag="001">001263188</marc:controlfield>
<marc:controlfield tag="003">OCoLC</marc:controlfield><marc:controlfield tag="005">20241106111223.0</marc:controlfield><marc:controlfield tag="008">240514s2024    dcu      b   f001 0 eng  </marc:controlfield><marc:datafield tag="010" ind1=" " ind2=" "><marc:subfield code="a">2024002146</marc:subfield></marc:datafield><marc:datafield tag="020" ind1=" " ind2=" "><marc:subfield code="a">9781626830806</marc:subfield><marc:subfield code="q">(paperback)</marc:subfield></marc:datafield><marc:datafield tag="020" ind1=" " ind2=" "><marc:subfield code="a">1626830800</marc:subfield></marc:datafield><marc:datafield tag="020" ind1=" " ind2=" "><marc:subfield code="z">9781626830813</marc:subfield><marc:subfield code="q">(pdf)</marc:subfield></marc:datafield><marc:datafield tag="035" ind1=" " ind2=" "><marc:subfield code="a">(OCoLC)1434033407</marc:subfield></marc:datafield><marc:datafield tag="040" ind1=" " ind2=" "><marc:subfield code="a">DGPO/DLC</marc:subfield><marc:subfield code="b">eng</marc:subfield><marc:subfield code="e">rda</marc:subfield><marc:subfield code="c">DLC</marc:subfield><marc:subfield code="d">OCLCO</marc:subfield><marc:subfield code="d">NRC</marc:subfield><marc:subfield code="d">IG#</marc:subfield><marc:subfield code="d">GPO</marc:subfield></marc:datafield><marc:datafield tag="042" ind1=" " ind2=" "><marc:subfield code="a">pcc</marc:subfield></marc:datafield><marc:datafield tag="043" ind1=" " ind2=" "><marc:subfield code="a">n-us---</marc:subfield></marc:datafield><marc:datafield tag="050" ind1="0" ind2="0"><marc:subfield code="a">TL521.312</marc:subfield></marc:datafield><marc:datafield tag="082" ind1="0" ind2="4"><marc:subfield code="a">629.40973</marc:subfield><marc:subfield code="2">23/eng/20240514</marc:subfield></marc:datafield><marc:datafield tag="086" ind1="0" ind2=" "><marc:subfield code="a">NAS 1.21:2024-4558</marc:subfield></marc:datafield><marc:datafield tag="100" ind1="1" ind2=" "><marc:subfield code="a">Logsdon, John M.,</marc:subfield><marc:subfield code="d">1937-</marc:subfield><marc:subfield code="e">author.</marc:subfield></marc:datafield><marc:datafield tag="245" ind1="1" ind2="0"><marc:subfield code="a">Going beyond :</marc:subfield><marc:subfield code="b">the space exploration initiative and the challenges of organizational change at NASA /</marc:subfield><marc:subfield code="c">John M. Logsdon.</marc:subfield></marc:datafield><marc:datafield tag="246" ind1="3" ind2="0"><marc:subfield code="a">Space exploration initiative and the challenges of organizational change at NASA</marc:subfield></marc:datafield><marc:datafield tag="264" ind1=" " ind2="1"><marc:subfield code="a">Washington, DC :</marc:subfield><marc:subfield code="b">National Aeronautics and Space Administration, Office of Communications, NASA History Office,</marc:subfield><marc:subfield code="c">[2024]</marc:subfield></marc:datafield><marc:datafield tag="300" ind1=" " ind2=" "><marc:subfield code="a">vi, 98 pages</marc:subfield><marc:subfield code="b">illustrations ;</marc:subfield><marc:subfield code="c">28 cm.</marc:subfield></marc:datafield><marc:datafield tag="336" ind1=" " ind2=" "><marc:subfield code="a">text</marc:subfield><marc:subfield code="b">txt</marc:subfield><marc:subfield code="2">rdacontent</marc:subfield></marc:datafield><marc:datafield tag="337" ind1=" " ind2=" "><marc:subfield code="a">unmediated</marc:subfield><marc:subfield code="b">n</marc:subfield><marc:subfield code="2">rdamedia</marc:subfield></marc:datafield><marc:datafield tag="338" ind1=" " ind2=" "><marc:subfield code="a">volume</marc:subfield><marc:subfield code="b">nc</marc:subfield><marc:subfield code="2">rdacarrier</marc:subfield></marc:datafield><marc:datafield tag="490" ind1="1" ind2=" "><marc:subfield code="a">Monographs in aerospace history ;</marc:subfield><marc:subfield code="v">no. 58</marc:subfield></marc:datafield><marc:datafield tag="490" ind1="1" ind2=" "><marc:subfield code="a">NASA SP ;</marc:subfield><marc:subfield code="v">2024-4558</marc:subfield></marc:datafield><marc:datafield tag="500" ind1=" " ind2=" "><marc:subfield code="a">In scope of the U.S. Government Publishing Office Cataloging and Indexing Program (C&amp;I) and Federal Depository Library Program (FDLP).</marc:subfield></marc:datafield><marc:datafield tag="500" ind1=" " ind2=" "><marc:subfield code="a">Shipping list no.: 2025-0001-S.</marc:subfield></marc:datafield><marc:datafield tag="504" ind1=" " ind2=" "><marc:subfield code="a">Includes bibliographical references and index.</marc:subfield></marc:datafield><marc:datafield tag="610" ind1="1" ind2="0"><marc:subfield code="a">United States.</marc:subfield><marc:subfield code="b">National Aeronautics and Space Administration</marc:subfield><marc:subfield code="x">Management</marc:subfield><marc:subfield code="x">History</marc:subfield><marc:subfield code="y">20th century.</marc:subfield></marc:datafield><marc:datafield tag="650" ind1=" " ind2="0"><marc:subfield code="a">Organizational change</marc:subfield><marc:subfield code="z">United States</marc:subfield><marc:subfield code="x">History</marc:subfield><marc:subfield code="y">20th century.</marc:subfield></marc:datafield><marc:datafield tag="710" ind1="1" ind2=" "><marc:subfield code="a">United States.</marc:subfield><marc:subfield code="b">NASA History Office (2023- ),</marc:subfield><marc:subfield code="e">issuing body.</marc:subfield></marc:datafield><marc:datafield tag="776" ind1="0" ind2="8"><marc:subfield code="i">Online version:</marc:subfield><marc:subfield code="a">Logsdon, John M., 1937-</marc:subfield><marc:subfield code="t">Going beyond</marc:subfield><marc:subfield code="w">(DLC) 2024002147</marc:subfield></marc:datafield><marc:datafield tag="830" ind1=" " ind2="0"><marc:subfield code="a">Monographs in aerospace history ;</marc:subfield><marc:subfield code="v">no. 58.</marc:subfield></marc:datafield><marc:datafield tag="830" ind1=" " ind2="0"><marc:subfield code="a">NASA SP (Series) ;</marc:subfield><marc:subfield code="v">4558.</marc:subfield></marc:datafield><marc:datafield tag="994" ind1=" " ind2=" "><marc:subfield code="a">C0</marc:subfield><marc:subfield code="b">GPO</marc:subfield></marc:datafield><marc:datafield tag="049" ind1=" " ind2=" "><marc:subfield code="a">GPOO</marc:subfield></marc:datafield><marc:datafield tag="955" ind1=" " ind2=" "><marc:subfield code="a">bc72 20241106</marc:subfield></marc:datafield><marc:datafield tag="922" ind1=" " ind2=" "><marc:subfield code="a">BIBCONEW</marc:subfield><marc:subfield code="b">20240603</marc:subfield></marc:datafield><marc:datafield tag="955" ind1=" " ind2=" "><marc:subfield code="a">ECIP; bc81 20240603</marc:subfield><marc:subfield code="b">20240603</marc:subfield></marc:datafield></marc:record>