
<marc:record><marc:leader>01989cam a2200385 i 4500</marc:leader>
<marc:controlfield tag="001">001416214</marc:controlfield>
<marc:controlfield tag="005">20241118170409.0</marc:controlfield><marc:controlfield tag="006">m     o  d f      </marc:controlfield><marc:controlfield tag="007">cr |||||||||||</marc:controlfield><marc:controlfield tag="008">241015s1952    dcua    o    f000 0 eng d</marc:controlfield><marc:datafield tag="035" ind1=" " ind2=" "><marc:subfield code="a">(OCoLC)1460959993</marc:subfield></marc:datafield><marc:datafield tag="040" ind1=" " ind2=" "><marc:subfield code="a">GPO</marc:subfield><marc:subfield code="b">eng</marc:subfield><marc:subfield code="e">rda</marc:subfield><marc:subfield code="e">pn</marc:subfield><marc:subfield code="c">GPO</marc:subfield><marc:subfield code="d">OCLCO</marc:subfield><marc:subfield code="d">GPO</marc:subfield></marc:datafield><marc:datafield tag="043" ind1=" " ind2=" "><marc:subfield code="a">s-pe---</marc:subfield></marc:datafield><marc:datafield tag="086" ind1="0" ind2=" "><marc:subfield code="a">S 1.64:AC 8/no.3</marc:subfield><marc:subfield code="z">PR 32.4602:P 43</marc:subfield></marc:datafield><marc:datafield tag="245" ind1="0" ind2="0"><marc:subfield code="a">Agricultural investment pioneering in Peru :</marc:subfield><marc:subfield code="b">SCIPA's new demonstration farms in the jungle and the Sierra point the way for capital investment /</marc:subfield><marc:subfield code="c">prepared by the Servicio Cooperativo Interamericano de Produccin de Alimentos.</marc:subfield></marc:datafield><marc:datafield tag="264" ind1=" " ind2="1"><marc:subfield code="a">Washington, D.C. :</marc:subfield><marc:subfield code="b">Division of Agriculture and Natural Resources, Institute of Inter-American Affairs, Technical Cooperation Administration,</marc:subfield><marc:subfield code="c">1952.</marc:subfield></marc:datafield><marc:datafield tag="300" ind1=" " ind2=" "><marc:subfield code="a">1 online resource (15 pages) :</marc:subfield><marc:subfield code="b">illustrations.</marc:subfield></marc:datafield><marc:datafield tag="336" ind1=" " ind2=" "><marc:subfield code="a">text</marc:subfield><marc:subfield code="b">txt</marc:subfield><marc:subfield code="2">rdacontent</marc:subfield></marc:datafield><marc:datafield tag="337" ind1=" " ind2=" "><marc:subfield code="a">computer</marc:subfield><marc:subfield code="b">c</marc:subfield><marc:subfield code="2">rdamedia</marc:subfield></marc:datafield><marc:datafield tag="338" ind1=" " ind2=" "><marc:subfield code="a">online resource</marc:subfield><marc:subfield code="b">cr</marc:subfield><marc:subfield code="2">rdacarrier</marc:subfield></marc:datafield><marc:datafield tag="490" ind1="0" ind2=" "><marc:subfield code="a">Activity series / Division of Agriculture and Natural Resources ;</marc:subfield><marc:subfield code="v">no. 3</marc:subfield></marc:datafield><marc:datafield tag="500" ind1=" " ind2=" "><marc:subfield code="a">&quot;November 1952.&quot;</marc:subfield></marc:datafield><marc:datafield tag="500" ind1=" " ind2=" "><marc:subfield code="a">In scope of the U.S. Government Publishing Office Cataloging and Indexing Program (C &amp; I) and Federal Depository Library Program (FDLP); no FDLP item number.</marc:subfield></marc:datafield><marc:datafield tag="583" ind1="1" ind2=" "><marc:subfield code="a">Will digitize;</marc:subfield><marc:subfield code="z">Queued for digitization</marc:subfield><marc:subfield code="2">pda</marc:subfield><marc:subfield code="5">DGPO</marc:subfield></marc:datafield><marc:datafield tag="588" ind1="0" ind2=" "><marc:subfield code="a">Print version record.</marc:subfield></marc:datafield><marc:datafield tag="650" ind1=" " ind2="0"><marc:subfield code="a">Agriculture</marc:subfield><marc:subfield code="x">Economic aspects</marc:subfield><marc:subfield code="z">Peru.</marc:subfield></marc:datafield><marc:datafield tag="650" ind1=" " ind2="0"><marc:subfield code="a">Capital investments</marc:subfield><marc:subfield code="z">Peru.</marc:subfield></marc:datafield><marc:datafield tag="710" ind1="1" ind2=" "><marc:subfield code="a">Peru.</marc:subfield><marc:subfield code="b">Servicio Cooperativo Interamericano de Produccin de Alimentos.</marc:subfield></marc:datafield><marc:datafield tag="710" ind1="2" ind2=" "><marc:subfield code="a">Institute of Inter-American Affairs (U.S.)</marc:subfield></marc:datafield><marc:datafield tag="776" ind1="0" ind2="8"><marc:subfield code="i">Print version:</marc:subfield><marc:subfield code="t">Agricultural investment pioneering in Peru.</marc:subfield><marc:subfield code="d">Washington, D.C. : Division of Agriculture and Natural Resources, Institute of Inter-American Affairs, Technical Cooperation Administration, 1952</marc:subfield><marc:subfield code="w">(OCoLC)1460959771</marc:subfield></marc:datafield><marc:datafield tag="994" ind1=" " ind2=" "><marc:subfield code="a">C0</marc:subfield><marc:subfield code="b">GPO</marc:subfield></marc:datafield><marc:datafield tag="049" ind1=" " ind2=" "><marc:subfield code="a">GPOO</marc:subfield></marc:datafield><marc:datafield tag="955" ind1=" " ind2=" "><marc:subfield code="a">bca68 20241118</marc:subfield></marc:datafield><marc:datafield tag="922" ind1=" " ind2=" "><marc:subfield code="a">PILOTPROJECT1USU</marc:subfield><marc:subfield code="b">20241015</marc:subfield></marc:datafield><marc:datafield tag="955" ind1=" " ind2=" "><marc:subfield code="a">bca35 20241015</marc:subfield><marc:subfield code="b">20241015</marc:subfield></marc:datafield></marc:record>