
<marc:record><marc:leader>03032cam a2200565 i 4500</marc:leader>
<marc:controlfield tag="001">001443470</marc:controlfield>
<marc:controlfield tag="005">20241112103755.0</marc:controlfield><marc:controlfield tag="006">m     o  d f      </marc:controlfield><marc:controlfield tag="007">cr |||||||||||</marc:controlfield><marc:controlfield tag="008">241108s2024    dcua    ob   f000 0 eng c</marc:controlfield><marc:datafield tag="024" ind1="8" ind2=" "><marc:subfield code="a">56-241</marc:subfield><marc:subfield code="q">(GPO jacket number)</marc:subfield></marc:datafield><marc:datafield tag="035" ind1=" " ind2=" "><marc:subfield code="a">(OCoLC)1467813341</marc:subfield></marc:datafield><marc:datafield tag="040" ind1=" " ind2=" "><marc:subfield code="a">GPO</marc:subfield><marc:subfield code="b">eng</marc:subfield><marc:subfield code="e">rda</marc:subfield><marc:subfield code="e">pn</marc:subfield><marc:subfield code="c">GPO</marc:subfield><marc:subfield code="d">GPO</marc:subfield></marc:datafield><marc:datafield tag="042" ind1=" " ind2=" "><marc:subfield code="a">pcc</marc:subfield></marc:datafield><marc:datafield tag="043" ind1=" " ind2=" "><marc:subfield code="a">n-us---</marc:subfield></marc:datafield><marc:datafield tag="074" ind1=" " ind2=" "><marc:subfield code="a">1000-D (online)</marc:subfield></marc:datafield><marc:datafield tag="086" ind1="0" ind2=" "><marc:subfield code="a">Y 4.EC 7:S.HRG.118-366</marc:subfield></marc:datafield><marc:datafield tag="110" ind1="1" ind2=" "><marc:subfield code="a">United States.</marc:subfield><marc:subfield code="b">Congress.</marc:subfield><marc:subfield code="b">Joint Economic Committee,</marc:subfield><marc:subfield code="0">https://id.loc.gov/authorities/names/n79040066</marc:subfield><marc:subfield code="e">author.</marc:subfield></marc:datafield><marc:datafield tag="245" ind1="1" ind2="0"><marc:subfield code="a">Made in America : the boom in U.S. manufacturing investment : hearing before the Joint Economic Committee of the Congress of the United States, One Hundred Eighteenth Congress, second session, June 12, 2024.</marc:subfield></marc:datafield><marc:datafield tag="246" ind1="3" ind2="0"><marc:subfield code="a">Boom in U.S. manufacturing investment</marc:subfield></marc:datafield><marc:datafield tag="246" ind1="3" ind2=" "><marc:subfield code="a">Boom in United States manufacturing investment</marc:subfield></marc:datafield><marc:datafield tag="264" ind1=" " ind2="1"><marc:subfield code="a">Washington :</marc:subfield><marc:subfield code="b">U.S. Government Publishing Office,</marc:subfield><marc:subfield code="c">2024.</marc:subfield></marc:datafield><marc:datafield tag="300" ind1=" " ind2=" "><marc:subfield code="a">1 online resource (iii, 72 pages) :</marc:subfield><marc:subfield code="b">illustrations.</marc:subfield></marc:datafield><marc:datafield tag="336" ind1=" " ind2=" "><marc:subfield code="a">text</marc:subfield><marc:subfield code="b">txt</marc:subfield><marc:subfield code="2">rdacontent</marc:subfield></marc:datafield><marc:datafield tag="337" ind1=" " ind2=" "><marc:subfield code="a">computer</marc:subfield><marc:subfield code="b">c</marc:subfield><marc:subfield code="2">rdamedia</marc:subfield></marc:datafield><marc:datafield tag="338" ind1=" " ind2=" "><marc:subfield code="a">online resource</marc:subfield><marc:subfield code="b">cr</marc:subfield><marc:subfield code="2">rdacarrier</marc:subfield></marc:datafield><marc:datafield tag="490" ind1="1" ind2=" "><marc:subfield code="a">S. hrg. ;</marc:subfield><marc:subfield code="v">118-366</marc:subfield></marc:datafield><marc:datafield tag="500" ind1=" " ind2=" "><marc:subfield code="a">In scope of the U.S. Government Publishing Office Cataloging and Indexing Program (C&amp;I) and Federal Depository Library Program (FDLP).</marc:subfield></marc:datafield><marc:datafield tag="504" ind1=" " ind2=" "><marc:subfield code="a">Includes bibliographical references.</marc:subfield></marc:datafield><marc:datafield tag="511" ind1="0" ind2=" "><marc:subfield code="a">Hearing witnesses: Mr. Kevin Hostetler, Chief Executive Officer, Array Technologies, Albuquerque, NM; Mr. Skanda Amarnath, Executive Director, Employ America, Washington, DC; Dr. Adam N. Michel, Director of Tax Policy Studies, Cato Institute, Washington, DC; Mr. Scott Lincicome, Vice President of General Economics and Stiefel Trade Policy Center, Cato Institute, Washington, DC.</marc:subfield></marc:datafield><marc:datafield tag="518" ind1=" " ind2=" "><marc:subfield code="a">Date of hearing: 2024-06-12.</marc:subfield></marc:datafield><marc:datafield tag="588" ind1=" " ind2=" "><marc:subfield code="a">Description based on online resource; title from PDF title page (GovInfo, viewed Nov. 8, 2024).</marc:subfield></marc:datafield><marc:datafield tag="650" ind1=" " ind2="0"><marc:subfield code="a">Manufacturing industries</marc:subfield><marc:subfield code="z">United States</marc:subfield><marc:subfield code="x">Finance.</marc:subfield></marc:datafield><marc:datafield tag="650" ind1=" " ind2="0"><marc:subfield code="a">Rural industries</marc:subfield><marc:subfield code="z">United States</marc:subfield><marc:subfield code="x">Finance.</marc:subfield></marc:datafield><marc:datafield tag="650" ind1=" " ind2="0"><marc:subfield code="a">Industrial policy</marc:subfield><marc:subfield code="z">United States.</marc:subfield></marc:datafield><marc:datafield tag="650" ind1=" " ind2="0"><marc:subfield code="a">Investments</marc:subfield><marc:subfield code="z">United States.</marc:subfield></marc:datafield><marc:datafield tag="650" ind1=" " ind2="0"><marc:subfield code="a">Economic development</marc:subfield><marc:subfield code="z">United States.</marc:subfield></marc:datafield><marc:datafield tag="650" ind1=" " ind2="0"><marc:subfield code="a">Job creation</marc:subfield><marc:subfield code="z">United States.</marc:subfield></marc:datafield><marc:datafield tag="650" ind1=" " ind2="7"><marc:subfield code="a">Economics and Public Finance.</marc:subfield><marc:subfield code="2">cgpa</marc:subfield></marc:datafield><marc:datafield tag="655" ind1=" " ind2="7"><marc:subfield code="a">Legislative hearings.</marc:subfield><marc:subfield code="2">lcgft</marc:subfield><marc:subfield code="0">https://id.loc.gov/authorities/genreForms/gf2013025047</marc:subfield></marc:datafield><marc:datafield tag="776" ind1="0" ind2="8"><marc:subfield code="i">Print version:</marc:subfield><marc:subfield code="a">United States. Congress. Joint Economic Committee.</marc:subfield><marc:subfield code="t">Made in America</marc:subfield><marc:subfield code="w">(OCoLC)1467812628</marc:subfield></marc:datafield><marc:datafield tag="810" ind1="1" ind2=" "><marc:subfield code="a">United States.</marc:subfield><marc:subfield code="b">Congress.</marc:subfield><marc:subfield code="b">Senate.</marc:subfield><marc:subfield code="t">S. hrg. ;</marc:subfield><marc:subfield code="0">https://id.loc.gov/authorities/names/n83707917</marc:subfield><marc:subfield code="v">118-366.</marc:subfield></marc:datafield><marc:datafield tag="856" ind1="4" ind2="0"><marc:subfield code="u">https://purl.fdlp.gov/GPO/gpo234428</marc:subfield><marc:subfield code="7">0</marc:subfield></marc:datafield><marc:datafield tag="856" ind1="4" ind2=" "><marc:subfield code="z">Address at time of PURL creation</marc:subfield><marc:subfield code="u">https://www.govinfo.gov/content/pkg/CHRG-118jhrg56241/pdf/CHRG-118jhrg56241.pdf</marc:subfield></marc:datafield><marc:datafield tag="994" ind1=" " ind2=" "><marc:subfield code="a">C0</marc:subfield><marc:subfield code="b">GPO</marc:subfield></marc:datafield><marc:datafield tag="049" ind1=" " ind2=" "><marc:subfield code="a">GPOO</marc:subfield></marc:datafield><marc:datafield tag="955" ind1=" " ind2=" "><marc:subfield code="a">bca29 20241108</marc:subfield><marc:subfield code="b">20241108</marc:subfield></marc:datafield><marc:datafield tag="955" ind1=" " ind2=" "><marc:subfield code="a">bca29 20241112</marc:subfield></marc:datafield><marc:datafield tag="922" ind1=" " ind2=" "><marc:subfield code="a">BIBCONEW</marc:subfield><marc:subfield code="b">20241108</marc:subfield></marc:datafield><marc:datafield tag="922" ind1=" " ind2=" "><marc:subfield code="a">PUBPOLTERMS</marc:subfield><marc:subfield code="b">20241108</marc:subfield></marc:datafield></marc:record>