
<marc:record><marc:leader>02670cam a2200445 i 4500</marc:leader>
<marc:controlfield tag="001">001443573</marc:controlfield>
<marc:controlfield tag="005">20241114075205.0</marc:controlfield><marc:controlfield tag="008">241114s2024    dcu          f000 0 eng c</marc:controlfield><marc:datafield tag="035" ind1=" " ind2=" "><marc:subfield code="a">(OCoLC)1468673675</marc:subfield></marc:datafield><marc:datafield tag="040" ind1=" " ind2=" "><marc:subfield code="a">GPO</marc:subfield><marc:subfield code="b">eng</marc:subfield><marc:subfield code="e">rda</marc:subfield><marc:subfield code="e">pn</marc:subfield><marc:subfield code="c">GPO</marc:subfield><marc:subfield code="d">GPO</marc:subfield></marc:datafield><marc:datafield tag="042" ind1=" " ind2=" "><marc:subfield code="a">pcc</marc:subfield></marc:datafield><marc:datafield tag="043" ind1=" " ind2=" "><marc:subfield code="a">n-us---</marc:subfield><marc:subfield code="a">a-ir---</marc:subfield></marc:datafield><marc:datafield tag="074" ind1=" " ind2=" "><marc:subfield code="a">0996-A-02</marc:subfield></marc:datafield><marc:datafield tag="086" ind1="0" ind2=" "><marc:subfield code="a">Y 1.1/7:118-176</marc:subfield></marc:datafield><marc:datafield tag="110" ind1="1" ind2=" "><marc:subfield code="a">United States.</marc:subfield><marc:subfield code="b">President (2021- : Biden),</marc:subfield><marc:subfield code="0">https://id.loc.gov/authorities/names/no2021008616</marc:subfield><marc:subfield code="e">author.</marc:subfield></marc:datafield><marc:datafield tag="240" ind1="1" ind2="0"><marc:subfield code="a">Continuation of the national emergency with respect to Iran (2024 November 1)</marc:subfield></marc:datafield><marc:datafield tag="245" ind1="1" ind2="0"><marc:subfield code="a">Continuation of the national emergency with respect to Iran :</marc:subfield><marc:subfield code="b">communication from the President of the United States transmitting notification that the national emergency with respect to Iran declared in Executive Order 12170 of November 14, 1979, is to continue in effect beyond November 14, 2024, pursuant to 50 U.S.C. 1622(d); Public Law 94-412, Sec. 202(d); (90 Stat. 1257)</marc:subfield></marc:datafield><marc:datafield tag="264" ind1=" " ind2="1"><marc:subfield code="a">Washington :</marc:subfield><marc:subfield code="b">U.S. Government Publishing Office,</marc:subfield><marc:subfield code="c">2024.</marc:subfield></marc:datafield><marc:datafield tag="300" ind1=" " ind2=" "><marc:subfield code="a">3 pages ;</marc:subfield><marc:subfield code="c">24 cm.</marc:subfield></marc:datafield><marc:datafield tag="336" ind1=" " ind2=" "><marc:subfield code="a">text</marc:subfield><marc:subfield code="b">txt</marc:subfield><marc:subfield code="2">rdacontent</marc:subfield></marc:datafield><marc:datafield tag="337" ind1=" " ind2=" "><marc:subfield code="a">unmediated</marc:subfield><marc:subfield code="b">n</marc:subfield><marc:subfield code="2">rdamedia</marc:subfield></marc:datafield><marc:datafield tag="338" ind1=" " ind2=" "><marc:subfield code="a">volume</marc:subfield><marc:subfield code="b">nc</marc:subfield><marc:subfield code="2">rdacarrier</marc:subfield></marc:datafield><marc:datafield tag="490" ind1="1" ind2=" "><marc:subfield code="a">House document / 118th Congress, 2d session ;</marc:subfield><marc:subfield code="v">118-176</marc:subfield></marc:datafield><marc:datafield tag="500" ind1=" " ind2=" "><marc:subfield code="a">&quot;November 1, 2024.&quot;</marc:subfield></marc:datafield><marc:datafield tag="500" ind1=" " ind2=" "><marc:subfield code="a">Shipping list no.: pending.</marc:subfield></marc:datafield><marc:datafield tag="500" ind1=" " ind2=" "><marc:subfield code="a">&quot;Referred to the Committee on Foreign Affairs.&quot;</marc:subfield></marc:datafield><marc:datafield tag="500" ind1=" " ind2=" "><marc:subfield code="a">In scope of the U.S. Government Publishing Office Cataloging and Indexing Program (C&amp;I) and Federal Depository Library Program (FDLP).</marc:subfield></marc:datafield><marc:datafield tag="588" ind1=" " ind2=" "><marc:subfield code="a">Description based on online version of print resource (GovInfo, viewed Nov. 14, 2024); title from title page.</marc:subfield></marc:datafield><marc:datafield tag="651" ind1=" " ind2="0"><marc:subfield code="a">United States</marc:subfield><marc:subfield code="x">Foreign relations</marc:subfield><marc:subfield code="z">Iran.</marc:subfield><marc:subfield code="0">https://id.loc.gov/authorities/subjects/sh85140112</marc:subfield></marc:datafield><marc:datafield tag="651" ind1=" " ind2="0"><marc:subfield code="a">Iran</marc:subfield><marc:subfield code="x">Foreign relations</marc:subfield><marc:subfield code="z">United States.</marc:subfield><marc:subfield code="0">https://id.loc.gov/authorities/subjects/sh85067894</marc:subfield></marc:datafield><marc:datafield tag="650" ind1=" " ind2="0"><marc:subfield code="a">Economic sanctions, American</marc:subfield><marc:subfield code="z">Iran.</marc:subfield></marc:datafield><marc:datafield tag="655" ind1=" " ind2="7"><marc:subfield code="a">Legislative materials.</marc:subfield><marc:subfield code="2">lcgft</marc:subfield><marc:subfield code="0">https://id.loc.gov/authorities/genreForms/gf2011026362</marc:subfield></marc:datafield><marc:datafield tag="700" ind1="1" ind2=" "><marc:subfield code="a">Biden, Joseph R.,</marc:subfield><marc:subfield code="c">Jr.,</marc:subfield><marc:subfield code="0">https://id.loc.gov/authorities/names/n80016125</marc:subfield><marc:subfield code="e">author.</marc:subfield></marc:datafield><marc:datafield tag="710" ind1="1" ind2=" "><marc:subfield code="a">United States.</marc:subfield><marc:subfield code="b">Congress.</marc:subfield><marc:subfield code="b">House.</marc:subfield><marc:subfield code="b">Committee on Foreign Affairs,</marc:subfield><marc:subfield code="0">https://id.loc.gov/authorities/names/n79060504</marc:subfield><marc:subfield code="e">issuing body.</marc:subfield></marc:datafield><marc:datafield tag="776" ind1="0" ind2="8"><marc:subfield code="i">Online version:</marc:subfield><marc:subfield code="a">United States. President (2021- : Biden).</marc:subfield><marc:subfield code="s">Continuation of the national emergency with respect to Iran (2024 November 1)</marc:subfield><marc:subfield code="w">(OCoLC)1468673667</marc:subfield></marc:datafield><marc:datafield tag="830" ind1=" " ind2="0"><marc:subfield code="a">House document (United States. Congress. House) ;</marc:subfield><marc:subfield code="0">https://id.loc.gov/authorities/names/n42012889</marc:subfield><marc:subfield code="v">118-176.</marc:subfield></marc:datafield><marc:datafield tag="994" ind1=" " ind2=" "><marc:subfield code="a">C0</marc:subfield><marc:subfield code="b">GPO</marc:subfield></marc:datafield><marc:datafield tag="049" ind1=" " ind2=" "><marc:subfield code="a">DGPO</marc:subfield></marc:datafield><marc:datafield tag="955" ind1=" " ind2=" "><marc:subfield code="a">bca68 20241114</marc:subfield><marc:subfield code="b">20241114</marc:subfield></marc:datafield><marc:datafield tag="922" ind1=" " ind2=" "><marc:subfield code="a">BIBCONEW</marc:subfield><marc:subfield code="b">20241114</marc:subfield></marc:datafield></marc:record>