
<marc:record><marc:leader>02887cas a2200517 a 4500</marc:leader>
<marc:controlfield tag="001">001443704</marc:controlfield>
<marc:controlfield tag="005">20241119091912.0</marc:controlfield><marc:controlfield tag="007">he bmb024baca</marc:controlfield><marc:controlfield tag="008">981118d19uu200udcuuu   b    f0   a0eng d</marc:controlfield><marc:datafield tag="035" ind1=" " ind2=" "><marc:subfield code="a">(OCoLC)1098329614</marc:subfield></marc:datafield><marc:datafield tag="040" ind1=" " ind2=" "><marc:subfield code="a">BRL</marc:subfield><marc:subfield code="b">eng</marc:subfield><marc:subfield code="c">BRL</marc:subfield><marc:subfield code="d">OCLCO</marc:subfield><marc:subfield code="d">OCLCQ</marc:subfield><marc:subfield code="d">EOS</marc:subfield><marc:subfield code="d">OCLCO</marc:subfield><marc:subfield code="d">OCLCF</marc:subfield><marc:subfield code="d">OCLCO</marc:subfield><marc:subfield code="d">OCLCQ</marc:subfield><marc:subfield code="d">OCLCL</marc:subfield><marc:subfield code="d">OCLCQ</marc:subfield><marc:subfield code="d">GPO</marc:subfield></marc:datafield><marc:datafield tag="082" ind1="1" ind2="4"><marc:subfield code="a">352</marc:subfield><marc:subfield code="q">OCoLC</marc:subfield><marc:subfield code="2">23/eng/20230216</marc:subfield></marc:datafield><marc:datafield tag="086" ind1="0" ind2=" "><marc:subfield code="a">Y 1.1/5:</marc:subfield></marc:datafield><marc:datafield tag="110" ind1="1" ind2=" "><marc:subfield code="a">United States.</marc:subfield><marc:subfield code="b">Congress.</marc:subfield><marc:subfield code="b">Senate.</marc:subfield><marc:subfield code="b">Committee on Appropriations.</marc:subfield></marc:datafield><marc:datafield tag="245" ind1="0" ind2="0"><marc:subfield code="a">Further revised allocation to subcommittees of budget totals for fiscal year ... :</marc:subfield><marc:subfield code="b">submitted pursuant to section 302(e) of the Congressional Budget Act of 1974, as amended /</marc:subfield><marc:subfield code="c">by the Committee on Appropriations, U.S. Senate.</marc:subfield></marc:datafield><marc:datafield tag="246" ind1="1" ind2=" "><marc:subfield code="i">Some issues have title:</marc:subfield><marc:subfield code="a">Further revised allocation to subcommittees of budget totals, fiscal year ...</marc:subfield></marc:datafield><marc:datafield tag="260" ind1=" " ind2=" "><marc:subfield code="3">&lt;-2015&gt;:</marc:subfield><marc:subfield code="a">Washington :</marc:subfield><marc:subfield code="b">U.S. G.P.O.</marc:subfield></marc:datafield><marc:datafield tag="260" ind1="3" ind2=" "><marc:subfield code="3">&lt;2015-&gt;:</marc:subfield><marc:subfield code="a">[Washington] :</marc:subfield><marc:subfield code="b">[U.S. Government Publishing Office]</marc:subfield></marc:datafield><marc:datafield tag="260" ind1=" " ind2=" "><marc:subfield code="a">Washington :</marc:subfield><marc:subfield code="b">U.S. G.P.O.</marc:subfield></marc:datafield><marc:datafield tag="300" ind1=" " ind2=" "><marc:subfield code="a">microfiches :</marc:subfield><marc:subfield code="b">negative</marc:subfield></marc:datafield><marc:datafield tag="336" ind1=" " ind2=" "><marc:subfield code="a">text</marc:subfield><marc:subfield code="b">txt</marc:subfield><marc:subfield code="2">rdacontent</marc:subfield></marc:datafield><marc:datafield tag="337" ind1=" " ind2=" "><marc:subfield code="a">microform</marc:subfield><marc:subfield code="b">h</marc:subfield><marc:subfield code="2">rdamedia</marc:subfield></marc:datafield><marc:datafield tag="338" ind1=" " ind2=" "><marc:subfield code="a">microfiche</marc:subfield><marc:subfield code="b">he</marc:subfield><marc:subfield code="2">rdacarrier</marc:subfield></marc:datafield><marc:datafield tag="490" ind1="1" ind2=" "><marc:subfield code="a">Report / Senate</marc:subfield></marc:datafield><marc:datafield tag="515" ind1=" " ind2=" "><marc:subfield code="a">May not be issued for every fiscal year.</marc:subfield></marc:datafield><marc:datafield tag="515" ind1=" " ind2=" "><marc:subfield code="a">Multiple volumes issued for some fiscal years.</marc:subfield></marc:datafield><marc:datafield tag="610" ind1="1" ind2="0"><marc:subfield code="a">United States.</marc:subfield><marc:subfield code="b">Congress.</marc:subfield><marc:subfield code="b">Senate</marc:subfield><marc:subfield code="x">Committees</marc:subfield><marc:subfield code="x">Appropriations and expenditures</marc:subfield><marc:subfield code="v">Periodicals.</marc:subfield></marc:datafield><marc:datafield tag="650" ind1=" " ind2="0"><marc:subfield code="a">Budget</marc:subfield><marc:subfield code="z">United States</marc:subfield><marc:subfield code="v">Periodicals.</marc:subfield></marc:datafield><marc:datafield tag="651" ind1=" " ind2="0"><marc:subfield code="a">United States</marc:subfield><marc:subfield code="x">Appropriations and expenditures</marc:subfield><marc:subfield code="v">Periodicals.</marc:subfield></marc:datafield><marc:datafield tag="610" ind1="1" ind2="7"><marc:subfield code="a">United States.</marc:subfield><marc:subfield code="b">Congress.</marc:subfield><marc:subfield code="b">Senate.</marc:subfield><marc:subfield code="2">fast</marc:subfield><marc:subfield code="0">(OCoLC)fst00530422</marc:subfield></marc:datafield><marc:datafield tag="650" ind1=" " ind2="7"><marc:subfield code="a">Budget.</marc:subfield><marc:subfield code="2">fast</marc:subfield><marc:subfield code="0">(OCoLC)fst00840336</marc:subfield></marc:datafield><marc:datafield tag="650" ind1=" " ind2="7"><marc:subfield code="a">Committees</marc:subfield><marc:subfield code="x">Appropriations and expenditures.</marc:subfield><marc:subfield code="2">fast</marc:subfield><marc:subfield code="0">(OCoLC)fst01352519</marc:subfield></marc:datafield><marc:datafield tag="650" ind1=" " ind2="7"><marc:subfield code="a">Expenditures, Public.</marc:subfield><marc:subfield code="2">fast</marc:subfield><marc:subfield code="0">(OCoLC)fst00918345</marc:subfield></marc:datafield><marc:datafield tag="651" ind1=" " ind2="7"><marc:subfield code="a">United States.</marc:subfield><marc:subfield code="2">fast</marc:subfield><marc:subfield code="0">(OCoLC)fst01204155</marc:subfield><marc:subfield code="1">https://id.oclc.org/worldcat/entity/E39PBJtxgQXMWqmjMjjwXRHgrq</marc:subfield></marc:datafield><marc:datafield tag="655" ind1=" " ind2="7"><marc:subfield code="a">legislative records.</marc:subfield><marc:subfield code="2">aat</marc:subfield><marc:subfield code="0">(CStmoGRI)aatgf300027885</marc:subfield></marc:datafield><marc:datafield tag="655" ind1=" " ind2="7"><marc:subfield code="a">Legislative materials.</marc:subfield><marc:subfield code="2">fast</marc:subfield><marc:subfield code="0">(OCoLC)fst01774285</marc:subfield></marc:datafield><marc:datafield tag="655" ind1=" " ind2="7"><marc:subfield code="a">Periodicals.</marc:subfield><marc:subfield code="2">fast</marc:subfield><marc:subfield code="0">(OCoLC)fst01411641</marc:subfield></marc:datafield><marc:datafield tag="655" ind1=" " ind2="7"><marc:subfield code="a">Legislative materials.</marc:subfield><marc:subfield code="2">lcgft</marc:subfield></marc:datafield><marc:datafield tag="655" ind1=" " ind2="7"><marc:subfield code="a">Documents lgislatifs.</marc:subfield><marc:subfield code="2">rvmgf</marc:subfield><marc:subfield code="0">(CaQQLa)RVMGF-000001450</marc:subfield></marc:datafield><marc:datafield tag="710" ind1="1" ind2=" "><marc:subfield code="a">United States.</marc:subfield><marc:subfield code="b">Congress.</marc:subfield><marc:subfield code="b">Senate.</marc:subfield><marc:subfield code="b">Committee on Appropriations.</marc:subfield></marc:datafield><marc:datafield tag="776" ind1="0" ind2="8"><marc:subfield code="i">Online version:</marc:subfield><marc:subfield code="a">United States. Congress. Senate. Committee on Appropriations.</marc:subfield><marc:subfield code="t">Further revised allocation to subcommittees of budget totals for fiscal year ...</marc:subfield><marc:subfield code="x">2693-0307</marc:subfield><marc:subfield code="w">(DLC) 2019230876</marc:subfield><marc:subfield code="w">(OCoLC)1030585253</marc:subfield></marc:datafield><marc:datafield tag="776" ind1="0" ind2="8"><marc:subfield code="i">Print version:</marc:subfield><marc:subfield code="a">United States. Congress. Senate. Committee on Appropriations.</marc:subfield><marc:subfield code="t">Further revised allocation to subcommittees of budget totals for fiscal year ...</marc:subfield><marc:subfield code="x">2693-0285</marc:subfield><marc:subfield code="w">(DLC) 2009238958</marc:subfield><marc:subfield code="w">(OCoLC)40344873</marc:subfield></marc:datafield><marc:datafield tag="810" ind1="1" ind2=" "><marc:subfield code="a">United States.</marc:subfield><marc:subfield code="b">Congress.</marc:subfield><marc:subfield code="b">Senate.</marc:subfield><marc:subfield code="t">Report.</marc:subfield></marc:datafield><marc:datafield tag="994" ind1=" " ind2=" "><marc:subfield code="a">C0</marc:subfield><marc:subfield code="b">GPO</marc:subfield></marc:datafield><marc:datafield tag="049" ind1=" " ind2=" "><marc:subfield code="a">XZLS</marc:subfield></marc:datafield><marc:datafield tag="955" ind1=" " ind2=" "><marc:subfield code="a">bca68 20241119</marc:subfield></marc:datafield></marc:record>