
<marc:record><marc:leader>02457cam a2200469 i 4500</marc:leader>
<marc:controlfield tag="001">001443871</marc:controlfield>
<marc:controlfield tag="005">20241125121304.0</marc:controlfield><marc:controlfield tag="006">m     o  d        </marc:controlfield><marc:controlfield tag="007">cr bn|||||||||</marc:controlfield><marc:controlfield tag="008">160713s1987    vaua    ob   f000 0 eng d</marc:controlfield><marc:datafield tag="035" ind1=" " ind2=" "><marc:subfield code="a">(OCoLC)953529814</marc:subfield></marc:datafield><marc:datafield tag="040" ind1=" " ind2=" "><marc:subfield code="a">CIT</marc:subfield><marc:subfield code="b">eng</marc:subfield><marc:subfield code="e">rda</marc:subfield><marc:subfield code="c">CIT</marc:subfield><marc:subfield code="d">OCLCO</marc:subfield><marc:subfield code="d">OCLCQ</marc:subfield><marc:subfield code="d">OCLCO</marc:subfield><marc:subfield code="d">OCLCL</marc:subfield><marc:subfield code="d">GPO</marc:subfield></marc:datafield><marc:datafield tag="050" ind1=" " ind2="4"><marc:subfield code="a">QE369.S65</marc:subfield><marc:subfield code="b">I538 1987</marc:subfield></marc:datafield><marc:datafield tag="074" ind1=" " ind2=" "><marc:subfield code="a">0624-H (online)</marc:subfield></marc:datafield><marc:datafield tag="086" ind1="0" ind2=" "><marc:subfield code="a">I 19.76:87-263</marc:subfield></marc:datafield><marc:datafield tag="100" ind1="1" ind2=" "><marc:subfield code="a">Salisbury, John W.</marc:subfield><marc:subfield code="0">https://id.loc.gov/authorities/names/n83827859</marc:subfield></marc:datafield><marc:datafield tag="245" ind1="1" ind2="0"><marc:subfield code="a">Mid-infrared (2.1-25 um) spectra of minerals /</marc:subfield><marc:subfield code="c">by John W. Salisbury, Louis S. Walter, Norma Vergo.</marc:subfield></marc:datafield><marc:datafield tag="250" ind1=" " ind2=" "><marc:subfield code="a">First edition.</marc:subfield></marc:datafield><marc:datafield tag="264" ind1=" " ind2="1"><marc:subfield code="a">Reston, VA :</marc:subfield><marc:subfield code="b">U.S. Geological Survey,</marc:subfield><marc:subfield code="c">[1987]</marc:subfield></marc:datafield><marc:datafield tag="300" ind1=" " ind2=" "><marc:subfield code="a">1 online resource (389 pages) :</marc:subfield><marc:subfield code="b">illustrations.</marc:subfield></marc:datafield><marc:datafield tag="336" ind1=" " ind2=" "><marc:subfield code="a">text</marc:subfield><marc:subfield code="b">txt</marc:subfield><marc:subfield code="2">rdacontent</marc:subfield></marc:datafield><marc:datafield tag="337" ind1=" " ind2=" "><marc:subfield code="a">computer</marc:subfield><marc:subfield code="b">c</marc:subfield><marc:subfield code="2">rdamedia</marc:subfield></marc:datafield><marc:datafield tag="338" ind1=" " ind2=" "><marc:subfield code="a">online resource</marc:subfield><marc:subfield code="b">cr</marc:subfield><marc:subfield code="2">rdacarrier</marc:subfield></marc:datafield><marc:datafield tag="490" ind1="1" ind2=" "><marc:subfield code="a">Open-file report / U.S. Geological Survey ;</marc:subfield><marc:subfield code="v">87-263</marc:subfield></marc:datafield><marc:datafield tag="500" ind1=" " ind2=" "><marc:subfield code="a">In scope of the U.S. Government Publishing Office Cataloging and Indexing Program (C&amp;I) and Federal Depository Library Program (FDLP).</marc:subfield></marc:datafield><marc:datafield tag="504" ind1=" " ind2=" "><marc:subfield code="a">Includes bibliographical references (pages 18-19).</marc:subfield></marc:datafield><marc:datafield tag="588" ind1="0" ind2=" "><marc:subfield code="a">Online resource; title from PDF cover (viewed July 13, 2016).</marc:subfield></marc:datafield><marc:datafield tag="650" ind1=" " ind2="0"><marc:subfield code="a">Infrared spectra.</marc:subfield><marc:subfield code="0">https://id.loc.gov/authorities/subjects/sh85066328</marc:subfield></marc:datafield><marc:datafield tag="650" ind1=" " ind2="0"><marc:subfield code="a">Mineralogy.</marc:subfield><marc:subfield code="0">https://id.loc.gov/authorities/subjects/sh85085589</marc:subfield></marc:datafield><marc:datafield tag="650" ind1=" " ind2="0"><marc:subfield code="a">Minerals.</marc:subfield><marc:subfield code="0">https://id.loc.gov/authorities/subjects/sh90001070</marc:subfield></marc:datafield><marc:datafield tag="650" ind1=" " ind2="6"><marc:subfield code="a">Spectre infrarouge.</marc:subfield><marc:subfield code="0">(CaQQLa)201-0016586</marc:subfield></marc:datafield><marc:datafield tag="650" ind1=" " ind2="7"><marc:subfield code="a">Infrared spectra.</marc:subfield><marc:subfield code="2">fast</marc:subfield><marc:subfield code="0">(OCoLC)fst00973256</marc:subfield></marc:datafield><marc:datafield tag="700" ind1="1" ind2=" "><marc:subfield code="a">Walter, L. S.</marc:subfield><marc:subfield code="q">(Louis S.)</marc:subfield><marc:subfield code="0">https://id.loc.gov/authorities/names/n84176835</marc:subfield></marc:datafield><marc:datafield tag="700" ind1="1" ind2=" "><marc:subfield code="a">Vergo, Norma.</marc:subfield><marc:subfield code="0">https://id.loc.gov/authorities/names/no90001183</marc:subfield></marc:datafield><marc:datafield tag="776" ind1="0" ind2="8"><marc:subfield code="i">Print version:</marc:subfield><marc:subfield code="a">Salisbury, John W.</marc:subfield><marc:subfield code="t">Mid-infrared (2.1-25 um) spectra of minerals.</marc:subfield><marc:subfield code="b">1st ed.</marc:subfield><marc:subfield code="d">Reston, Va. : U.S. Geological Survey, 1987</marc:subfield><marc:subfield code="w">(OCoLC)16412787</marc:subfield></marc:datafield><marc:datafield tag="776" ind1="0" ind2="8"><marc:subfield code="i">Microfiche version:</marc:subfield><marc:subfield code="a">Salisbury, John W.</marc:subfield><marc:subfield code="t">Mid-infrared (2.1-25 um) spectra of minerals.</marc:subfield><marc:subfield code="b">1st ed.</marc:subfield><marc:subfield code="d">Reston, Va. : U.S. Geological Survey, 1987</marc:subfield><marc:subfield code="w">(OCoLC)21708672</marc:subfield></marc:datafield><marc:datafield tag="830" ind1=" " ind2="0"><marc:subfield code="a">Open-file report (Geological Survey (U.S.)) ;</marc:subfield><marc:subfield code="0">https://id.loc.gov/authorities/names/n42017858</marc:subfield><marc:subfield code="v">87-263.</marc:subfield></marc:datafield><marc:datafield tag="856" ind1="4" ind2="0"><marc:subfield code="u">https://purl.fdlp.gov/GPO/gpo234757</marc:subfield></marc:datafield><marc:datafield tag="856" ind1="4" ind2=" "><marc:subfield code="z">Address at time of PURL creation</marc:subfield><marc:subfield code="u">https://pubs.er.usgs.gov/publication/ofr87263</marc:subfield></marc:datafield><marc:datafield tag="994" ind1=" " ind2=" "><marc:subfield code="a">C0</marc:subfield><marc:subfield code="b">GPO</marc:subfield></marc:datafield><marc:datafield tag="049" ind1=" " ind2=" "><marc:subfield code="a">XZL4</marc:subfield></marc:datafield><marc:datafield tag="955" ind1=" " ind2=" "><marc:subfield code="a">bca35 20241125</marc:subfield><marc:subfield code="b">20241125</marc:subfield></marc:datafield></marc:record>