
<marc:record><marc:leader>06294cam a2200553 i 4500</marc:leader>
<marc:controlfield tag="001">001443941</marc:controlfield>
<marc:controlfield tag="005">20241126130434.0</marc:controlfield><marc:controlfield tag="006">m     o  d f      </marc:controlfield><marc:controlfield tag="007">cr |||||||||||</marc:controlfield><marc:controlfield tag="008">111213m19081928dcuabf  ob   f001 0 eng d</marc:controlfield><marc:datafield tag="019" ind1=" " ind2=" "><marc:subfield code="a">654787610</marc:subfield><marc:subfield code="a">1129226852</marc:subfield></marc:datafield><marc:datafield tag="035" ind1=" " ind2=" "><marc:subfield code="a">(OCoLC)768339078</marc:subfield><marc:subfield code="z">(OCoLC)654787610</marc:subfield><marc:subfield code="z">(OCoLC)1129226852</marc:subfield></marc:datafield><marc:datafield tag="040" ind1=" " ind2=" "><marc:subfield code="a">OCLCE</marc:subfield><marc:subfield code="b">eng</marc:subfield><marc:subfield code="e">pn</marc:subfield><marc:subfield code="c">OCLCE</marc:subfield><marc:subfield code="d">OCLCO</marc:subfield><marc:subfield code="d">OCLCQ</marc:subfield><marc:subfield code="d">OCLCF</marc:subfield><marc:subfield code="d">OCLCQ</marc:subfield><marc:subfield code="d">OCLCO</marc:subfield><marc:subfield code="d">OCLCL</marc:subfield><marc:subfield code="d">OCLCQ</marc:subfield><marc:subfield code="d">GPO</marc:subfield></marc:datafield><marc:datafield tag="050" ind1=" " ind2="4"><marc:subfield code="a">Q11</marc:subfield><marc:subfield code="b">.S7 vol. 53, etc.</marc:subfield></marc:datafield><marc:datafield tag="086" ind1="0" ind2=" "><marc:subfield code="a">SI 1.7:53/1-7</marc:subfield></marc:datafield><marc:datafield tag="086" ind1="0" ind2=" "><marc:subfield code="a">SI 1.7:57/1-13</marc:subfield></marc:datafield><marc:datafield tag="086" ind1="0" ind2=" "><marc:subfield code="a">SI 1.7:64/1-5</marc:subfield></marc:datafield><marc:datafield tag="086" ind1="0" ind2=" "><marc:subfield code="a">SI 1.7:67/1-9</marc:subfield></marc:datafield><marc:datafield tag="086" ind1="0" ind2=" "><marc:subfield code="a">SI 1.7:75/1-5</marc:subfield></marc:datafield><marc:datafield tag="100" ind1="1" ind2=" "><marc:subfield code="a">Walcott, Charles D.</marc:subfield><marc:subfield code="q">(Charles Doolittle),</marc:subfield><marc:subfield code="d">1850-1927.</marc:subfield><marc:subfield code="0">https://id.loc.gov/authorities/names/n84119676</marc:subfield></marc:datafield><marc:datafield tag="245" ind1="1" ind2="0"><marc:subfield code="a">Cambrian geology and paleontology /</marc:subfield><marc:subfield code="c">by Charles D. Walcott.</marc:subfield></marc:datafield><marc:datafield tag="260" ind1=" " ind2=" "><marc:subfield code="a">City of Washington :</marc:subfield><marc:subfield code="b">Smithsonian Institution,</marc:subfield><marc:subfield code="c">1908-28.</marc:subfield></marc:datafield><marc:datafield tag="300" ind1=" " ind2=" "><marc:subfield code="a">1 online resource (5 volumes) :</marc:subfield><marc:subfield code="b">illustrations, maps, plates.</marc:subfield></marc:datafield><marc:datafield tag="336" ind1=" " ind2=" "><marc:subfield code="a">text</marc:subfield><marc:subfield code="b">txt</marc:subfield><marc:subfield code="2">rdacontent</marc:subfield></marc:datafield><marc:datafield tag="337" ind1=" " ind2=" "><marc:subfield code="a">computer</marc:subfield><marc:subfield code="b">c</marc:subfield><marc:subfield code="2">rdamedia</marc:subfield></marc:datafield><marc:datafield tag="338" ind1=" " ind2=" "><marc:subfield code="a">online resource</marc:subfield><marc:subfield code="b">cr</marc:subfield><marc:subfield code="2">rdacarrier</marc:subfield></marc:datafield><marc:datafield tag="490" ind1="1" ind2=" "><marc:subfield code="a">Smithsonian miscellaneous collections ;</marc:subfield><marc:subfield code="v">v. 53, 57, 64, 67, 75</marc:subfield></marc:datafield><marc:datafield tag="490" ind1="1" ind2=" "><marc:subfield code="a">Publication (Smithsonian Institution) ;</marc:subfield><marc:subfield code="v">1949, 2270, 2428, 2790, 2976.</marc:subfield></marc:datafield><marc:datafield tag="500" ind1=" " ind2=" "><marc:subfield code="a">Each number issued individually. Some numbers may be cataloged as separate monographs.</marc:subfield></marc:datafield><marc:datafield tag="500" ind1=" " ind2=" "><marc:subfield code="a">Volumes brought together under new Smithsonian Institution publication number consisting of title page and table of contents.</marc:subfield></marc:datafield><marc:datafield tag="500" ind1=" " ind2=" "><marc:subfield code="a">In scope of the U.S. Government Publishing Office Cataloging and Indexing Program (C&amp;I) and Federal Depository Library Program (FDLP); no FDLP item number.</marc:subfield></marc:datafield><marc:datafield tag="504" ind1=" " ind2=" "><marc:subfield code="a">Includes bibliographical references and indexes.</marc:subfield></marc:datafield><marc:datafield tag="505" ind1="0" ind2=" "><marc:subfield code="a">I. 1910. (Pub. 1949) -- v. 53, no. 1. Nomenclature of some Cambrian Cordilleran formations. 1908. (Pub. 1804) -- no. 2. Cambrian trilobites. 1908. (Pub. 1805) -- no. 3. Cambrian Brachiopoda: descriptions of new genera and species. 1908. (Pub. 1810) -- no. 4. Classification and terminology of the Cambrian Brachiopoda. 1908. (Pub. 1811) -- no. 5. Cambrian sections of the Cordilleran area. 1908.(Pub. 1812) -- no. 6. Olenellus and other genera of the Mesonacidae. 1910. (Pub. 1934) -- no. 7. Pre-Cambrian rocks of the Bow river valley, Alberta, Canada. 1910. (Pub. 1939) -- II. 1914. (Pub. 2270) -- v.57, [no. 1] Abrupt appearance of the Cambrian fauna on the North American continent. 1910. (Pub. 1940) -- no. 2. Middle Cambrian Merostomata. 1911. (Pub. 2009) -- no. 3. Middle Cambrian holothurians and Medusae. 1911. (Pub. 2011) -- no. 4. Cambrian faunas of China. 1911. (Pub. 2012) --^no. 5. Middle Cambrian annelids. 1911. (Pub. 2014) --^no. 6. Middle Cambrian Branchiopoda, Malacostraca, Trilobita, and Merostomata. 1912. (Pub. 2051) -- no. 7. Cambro-Ordovician boundary in British Columbia with description of fossils. 1912. (Pub. 2075) -- no. 8. The Sardinian Cambrian genus Olenopsis in America. 1912. (Pub. 2076) -- no. 9. New York Potsdam-Hoyt fauna. 1912. (Pub. 2136) -- no. 10. Group terms for the Lower and Upper Cambrian series of formations. 1912. (Pub. 2137) -- no. 11. New Lower Cambrian subfauna. 1913. (Pub. 2185) -- no. 12. Cambrian formations of the Robson peak district, British Columbia and Alberta, Canada. 1913 (Pub. 2186) -- no. 13. Dikelocephalus and other genera of the Dikelocephalinae. 1914. (Pub. 2187) -- III. 1916. (Pub. 2428) -- v. 64, no. 1. The Cambrian faunas of eastern Asia. 1914. (Pub. 2263) -- no. 2. Pre-Cambrian Algonkian algal flora. 1914. (Pub. 2271) --^no. 3. Cambrian trilobites. 1916. (Pub. 2370) --^no. 4. Relations between the Cambrian and Pre-Cambrian formations in the vicinity of Helena, Montana. 1916. (Pub. 2416) -- no. 5. Cambrian trilobites. 1916. (Pub. 2420) -- IV. 1924. (Pub. 2790) -- v. 67, no. 1. Nomenclature of some Cambrian Cordilleran formations. 1917. (Pub. 2444) -- no. 2. The Albertella fauna in British Columbia and Montana. 1917. (Pub. 2445) -- no. 3. Fauna of the Mount Whyte formation. 1917. (Pub. 2480) -- no. 4. Appendages of trilobites. 1918. (Pub. 2523) -- no. 5. Middle Cambrian Algae. 1919. (Pub. 2542) -- no. 6. Middle Cambrian Spongiae. 1920. (Pub. 2580) -- no. 7. Notes on structure of Neolenus. 1921. (Pub. 2584) -- no. 8. Nomenclature of some post Cambrian and Cambrian Cordilleran formations (2) 1923. (Pub. 2673) -- no. 9. Cambrian and Ozarkian Brachiopoda, Ozarkian Cephalopoda and Notostraca. 1924. (Pub. 2753) -- V. 1928. (Pub. 2976) --^v. 75, no. 1. Geological formations of Beaverfoot-Brisco-Stanford range, British Columbia, Canada. 1924. (Pub. 2756) --^no. 2. Cambrian and Lower Ozarkian trilobites. 1924. (Pub. 2788) -- no. 3. Cambrian and Ozarkian trilobites. 1925. (Pub. 2823) -- no. 4. Pre-Devonian sedimentation in southern Canadian Rocky mountains. 1927. (Pub. 2870) -- no. 5. Pre-Devonian Paleozoic formations of the Cordilleran provinces of Canada. 1928. (Pub. 2965).</marc:subfield></marc:datafield><marc:datafield tag="588" ind1=" " ind2=" "><marc:subfield code="a">Description based on online resource; title from v.53 PDF title page (Smithsonian Institution website, viewed Nov. 25, 2024).</marc:subfield></marc:datafield><marc:datafield tag="650" ind1=" " ind2="0"><marc:subfield code="a">Geology, Stratigraphic</marc:subfield><marc:subfield code="y">Cambrian.</marc:subfield><marc:subfield code="0">https://id.loc.gov/authorities/subjects/sh85054089</marc:subfield></marc:datafield><marc:datafield tag="650" ind1=" " ind2="0"><marc:subfield code="a">Paleontology</marc:subfield><marc:subfield code="y">Cambrian.</marc:subfield><marc:subfield code="0">https://id.loc.gov/authorities/subjects/sh85097124</marc:subfield></marc:datafield><marc:datafield tag="650" ind1=" " ind2="7"><marc:subfield code="a">Cambrian Geologic Period.</marc:subfield><marc:subfield code="2">fast</marc:subfield><marc:subfield code="0">(OCoLC)fst01352218</marc:subfield></marc:datafield><marc:datafield tag="650" ind1=" " ind2="7"><marc:subfield code="a">Geology, Stratigraphic.</marc:subfield><marc:subfield code="2">fast</marc:subfield><marc:subfield code="0">(OCoLC)fst00940727</marc:subfield></marc:datafield><marc:datafield tag="650" ind1=" " ind2="7"><marc:subfield code="a">Paleontology.</marc:subfield><marc:subfield code="2">fast</marc:subfield><marc:subfield code="0">(OCoLC)fst01051513</marc:subfield></marc:datafield><marc:datafield tag="700" ind1="1" ind2=" "><marc:subfield code="a">Resser, Charles Elmer,</marc:subfield><marc:subfield code="d">1889-1943.</marc:subfield><marc:subfield code="0">https://id.loc.gov/authorities/names/nr96020127</marc:subfield></marc:datafield><marc:datafield tag="776" ind1="0" ind2="8"><marc:subfield code="i">Print version:</marc:subfield><marc:subfield code="a">Walcott, Charles D. (Charles Doolittle), 1850-1927.</marc:subfield><marc:subfield code="t">Cambrian geology and paleontology.</marc:subfield><marc:subfield code="d">City of Washington : Smithsonian Institution, 1910-28</marc:subfield><marc:subfield code="w">(DLC) 08035374</marc:subfield><marc:subfield code="w">(OCoLC)2925145</marc:subfield></marc:datafield><marc:datafield tag="830" ind1=" " ind2="0"><marc:subfield code="a">Smithsonian miscellaneous collections ;</marc:subfield><marc:subfield code="0">https://id.loc.gov/authorities/names/n84712022</marc:subfield><marc:subfield code="v">v. 53, 57, 64, 67, 75.</marc:subfield></marc:datafield><marc:datafield tag="830" ind1=" " ind2="0"><marc:subfield code="a">Publication (Smithsonian Institution) ;</marc:subfield><marc:subfield code="0">https://id.loc.gov/authorities/names/n83826384</marc:subfield><marc:subfield code="v">1949, 2270, 2428, 2790, 2976.</marc:subfield></marc:datafield><marc:datafield tag="856" ind1="4" ind2="0"><marc:subfield code="u">https://purl.fdlp.gov/GPO/gpo234835</marc:subfield><marc:subfield code="7">0</marc:subfield></marc:datafield><marc:datafield tag="856" ind1="4" ind2=" "><marc:subfield code="z">Address at time of PURL creation</marc:subfield><marc:subfield code="u">http://library.si.edu/digital-library/book/smithsonian-miscellaneous-collections</marc:subfield></marc:datafield><marc:datafield tag="994" ind1=" " ind2=" "><marc:subfield code="a">C0</marc:subfield><marc:subfield code="b">GPO</marc:subfield></marc:datafield><marc:datafield tag="049" ind1=" " ind2=" "><marc:subfield code="a">XZLA</marc:subfield></marc:datafield><marc:datafield tag="955" ind1=" " ind2=" "><marc:subfield code="a">bc31 20241126</marc:subfield><marc:subfield code="b">20241126</marc:subfield></marc:datafield><marc:datafield tag="922" ind1=" " ind2=" "><marc:subfield code="a">UNREPORTEDPUBSASKGPO</marc:subfield><marc:subfield code="b">20241126</marc:subfield></marc:datafield></marc:record>